4634 6286
956 267 1043 324 VITA
1062 269 1204 325 amnas.
1848 279 1903 341 101

248 439 347 504 etiam
364 446 398 504 et
413 440 566 506 invidiam
582 441 810 526 tristitiamque
827 440 868 505 de
885 441 1036 506 cordibus
1052 443 1219 508 eradicare
1236 445 1351 508 vestris
1367 446 1507 531 satagite
1524 453 1557 510 et
1573 468 1630 533 pro
1648 447 1697 511 his
1713 448 1904 533 longanimi-

249 551 360 628 tatem,
384 545 573 626 bonitatem,
589 543 824 630 benignitatem
848 544 970 609 habere
995 553 1203 611 mementote.
1249 554 1401 634 quattuor
1423 570 1500 614 vero
1524 551 1672 632 virtutes,
1697 553 1766 617 sine
1790 553 1906 638 quibus

247 670 343 714 nemo
367 651 494 736 sapiens
512 670 590 714 ,esse
613 655 732 734 potest,
755 649 789 713 id
811 655 861 713 est
882 648 1098 735 prudentiam,
1114 651 1278 733 iustitiam,
1295 651 1515 718 fortitudinem
1531 661 1630 739 atque
1647 658 1905 740 temperantiam,

248 773 378 839 semper
400 753 522 819 babere
546 761 665 818 curate.
709 752 771 818 His
793 760 827 816 ct
849 754 1005 818 similibus
1030 754 1137 819 verbis
1161 775 1219 840 per
1242 762 1369 841 septem
1391 759 1559 822 continuos
1581 757 1660 841 dies,
1685 761 1831 844 quamvis
1854 761 1903 824 in-
1923 762 1964 824 30

208 883 219 920 s
247 857 431 922 valescente
455 856 569 921 morbo
591 857 807 943 iamiamque
830 858 878 921 vir
900 865 1028 922 sanctus
1052 857 1191 924 deficere
1210 858 1382 944 videretur,
1399 859 1571 946 discipulos
1588 868 1696 926 tamen
1713 864 1902 928 confirmare

246 980 312 1024 nou
334 961 482 1025 cessabat
504 981 588 1026 suos.
635 966 749 1025 octava
777 981 854 1025 vero
885 959 938 1025 die
969 962 1060 1026 iussit
1089 983 1123 1026 se
1147 963 1180 1025 in
1203 964 1377 1028 oratorium
1401 964 1474 1028 duci
1504 965 1613 1050 ibique
1643 965 1788 1030 oratione
1818 967 1904 1032 lactc

247 1066 399 1130 viaticum
416 1065 566 1130 dominici
583 1066 724 1151 corporis
740 1067 890 1150 suscepit.
924 1065 1041 1130 deinde
1058 1065 1230 1152 discipulos
1246 1073 1442 1152 protestatus
1459 1075 1509 1133 est
1525 1069 1650 1134 dicens:
1668 1091 1728 1156 per
1741 1070 1904 1136 Christum

246 1189 304 1234 vos
326 1169 408 1234 filios
430 1189 521 1234 meos
543 1188 672 1248 moneo,
695 1188 736 1231 ne
760 1167 961 1232 contendatis
984 1189 1042 1253 pro
1067 1170 1210 1254 corporis
1234 1171 1298 1234 mei
1321 1170 1489 1252 cadavere,
1514 1171 1573 1236 sed
1596 1193 1673 1236 mcx
1695 1179 1730 1236 ut
1753 1173 1903 1259 spiritum

249 1273 463 1356 exhalavero,
491 1271 595 1337 tollite
619 1293 671 1336 me
695 1277 729 1335 et
757 1272 790 1335 in
812 1272 919 1336 navim
943 1270 1144 1356 deponentes
1167 1275 1337 1358 supponite
1369 1274 1511 1339 humeris
1534 1276 1615 1339 meis
1638 1275 1780 1361 lapidem
1803 1278 1904 1360 illum,

197 1402 222 1439 ιο
248 1397 345 1463 super
368 1398 463 1462 quem
486 1376 676 1442 recumbere
704 1376 816 1440 solitus
846 1395 949 1439 eram:
979 1395 1076 1440 nemo
1100 1382 1209 1440 autem
1234 1397 1277 1440 ex
1299 1378 1391 1442 vebis
1418 1379 1451 1442 in
1478 1381 1552 1443 navi
1575 1400 1702 1444 mecum
1724 1388 1903 1462 remaneat,

248 1480 307 1545 sed
328 1481 532 1567 impellentes
556 1500 628 1544 eam
656 1480 689 1544 in
711 1499 800 1544 mare
823 1480 1000 1565 permittite
1022 1481 1085 1562 ire,
1115 1500 1178 1565 quc
1203 1479 1282 1544 dens
1305 1481 1451 1546 voluerit.
1506 1482 1690 1567 providebit
1712 1489 1820 1548 antem
1846 1483 1903 1548 do-

248 1586 351 1649 minus
374 1585 559 1672 sepulturae
582 1584 660 1649 mihi
681 1585 803 1665 locum,
835 1584 890 1649 ubi
913 1584 1010 1649 fuerit
1039 1585 1069 1648 ci
1092 1585 1255 1670 placitum.
1301 1586 1426 1651 confido
1451 1593 1560 1672 autem
1589 1589 1622 1652 in
1645 1589 1794 1672 domino,
1819 1589 1906 1675 quod

247 1689 280 1752 in
303 1687 355 1752 die
378 1687 620 1752 resurrectionis
642 1707 812 1772 resurgere
837 1707 888 1751 me
912 1687 1010 1751 faciet
1033 1707 1106 1751 cum
1129 1689 1255 1752 ceteris.
1302 1687 1383 1753 deus
1411 1696 1520 1755 autom
1548 1692 1637 1777 pacis
1666 1699 1700 1757 et
1723 1694 1903 1758 dilectionis

248 1792 289 1855 sit
317 1811 446 1878 semper
474 1812 545 1856 cum
576 1789 724 1854 omnibus
752 1790 853 1854 vobis.
900 1795 1028 1854 etcum
1051 1790 1294 1876 respondissent
1317 1811 1428 1855 omnes
1451 1812 1563 1874 amen,
1592 1794 1734 1860 reddidit
1757 1796 1903 1881 spiritum

197 1920 220 1960 a
249 1901 363 1981 quarto
385 1893 543 1958 kalendas
565 1893 734 1958 Februarii
757 1913 859 1957 senex
882 1900 915 1958 et
938 1893 1052 1979 plenus
1075 1893 1210 1958 dierum.
1256 1893 1401 1980 discipuli
1417 1917 1494 1960 vero
1515 1897 1599 1961 illius
1621 1899 1772 1963 tollentes
1790 1920 1906 1984 corpus

249 2000 317 2064 eius
333 1999 489 2078 lecerunt,
505 1998 587 2061 sicut
600 2004 813 2082 praeceperat
828 1997 883 2060 eis.
922 1996 981 2062 sed
1002 1998 1035 2062 hi
1058 1999 1113 2084 qui
1136 1998 1176 2062 de
1194 1997 1401 2083 Oornugallia
1416 2008 1580 2082 venerant,
1599 2003 1653 2087 qui
1675 2003 1784 2088 plures
1801 2009 1904 2086 amnt,

249 2102 448 2168 conabantur
471 2123 545 2167 eum
568 2101 683 2166 tollere
707 2102 794 2166 etin
815 2103 954 2186 patriam
976 2123 1068 2166 suam
1090 2102 1274 2166 transferre.
1319 2101 1395 2167 dum
1418 2124 1496 2189 ergo
1519 2105 1603 2168 inter
1626 2125 1661 2169 se
1678 2105 1902 2192 colloqueren-

249 2214 300 2272 tur
323 2214 355 2271 et
378 2207 486 2272 lacere
511 2204 729 2292 disponerent,
753 2212 832 2270 nutu
855 2204 908 2270 dei
930 2207 1021 2270 navis
1046 2227 1117 2270 cum
1134 2213 1244 2270 sancto
1261 2226 1395 2293 corpore
1413 2206 1563 2272 demersa
1587 2215 1636 2272 est
1658 2210 1692 2273 in
1707 2210 1901 2295 profundum

249 2313 360 2376 maris:
383 2310 429 2375 illi
444 2331 522 2374 vere
545 2310 737 2396 permultos
761 2308 830 2373 dies
851 2308 931 2374 illud
954 2309 1016 2375 huc
1038 2311 1178 2396 illucque
1201 2311 1413 2396 requirentes,
1438 2333 1510 2376 cum
1532 2312 1619 2377 nullo
1637 2312 1733 2378 modo
1757 2315 1901 2379 invenire

195 2435 222 2476 co
248 2421 393 2501 possent,
417 2414 460 2478 ad
481 2414 612 2499 propria
635 2421 708 2476 sunt
731 2413 861 2478 reversi.
907 2413 1064 2498 Discipuli
1087 2433 1215 2499 quoque
1240 2415 1308 2478 eius
1333 2415 1386 2500 qui
1403 2435 1445 2478 ex
1461 2415 1607 2480 Reuvisii
1621 2416 1779 2481 coenobio
1798 2423 1899 2500 erant,
1921 2415 1959 2477 31

249 2541 308 2607 per
330 2526 396 2585 tres
419 2538 548 2582 menses
571 2538 644 2582 cum
666 2537 732 2581 uon
754 2523 887 2603 possent
910 2521 943 2580 et
965 2517 1025 2602 ipsi
1048 2517 1192 2582 invenire
1216 2537 1305 2600 eum,
1330 2516 1461 2582 tandem
1485 2520 1617 2583 consilio
1641 2527 1776 2607 accepto
1800 2519 1901 2584 tridu-

250 2645 346 2714 anum
373 2627 554 2688 statuerunt
582 2620 701 2686 ducere
729 2621 892 2686 ieiunium.
939 2641 1002 2706 quc
1025 2627 1158 2706 peracto
1183 2620 1310 2685 cuidam
1335 2641 1378 2685 ex
1401 2622 1447 2686 eis
1470 2623 1650 2687 revelatum
1679 2631 1744 2707 est,
1774 2622 1903 2712 quando

250 2734 284 2794 et
306 2729 362 2794 ubi
384 2726 596 2793 inveniendus
620 2732 715 2790 essct.
760 2725 859 2810 igitur
881 2746 953 2789 cum
976 2724 1046 2789 dies
1070 2725 1273 2810 rogationum
1297 2730 1406 2790 essent
1429 2732 1462 2790 et
1484 2727 1546 2812 ipsi
1566 2728 1718 2792 orationis
1734 2729 1840 2814 gratia
1862 2726 1905 2790 ad

250 2831 413 2918 quoddam
436 2830 661 2910 oratoriolum,
692 2827 779 2914 quod
806 2828 931 2914 ipsein
955 2827 1078 2892 honore
1102 2835 1233 2893 sanetae
1258 2829 1359 2892 erucis
1382 2835 1621 2911 construxerat,
1651 2831 1830 2912 venissent,
1854 2830 1902 2893 in-

197 2955 221 2995 cs
249 2943 406 3001 venerunt
435 2955 552 3000 navem
582 2935 614 2998 in
642 2933 803 2997 aestuario
835 2931 922 3017 quod
949 2937 1083 2996 vocatur
1108 2931 1241 3013 Ernest,
1264 2931 1371 2996 idest
1395 2931 1506 2996 domus
1530 2940 1660 2998 sanctae
1685 2935 1807 3016 crucis,
1832 2955 1904 2997 cum

250 3047 362 3106 sancto
393 3060 528 3125 corpore
558 3040 686 3123 integro
718 3042 750 3100 et
779 3036 909 3116 illaeso,
940 3036 1022 3100 sicut
1056 3035 1097 3099 ab
1121 3035 1198 3122 ipsis
1229 3035 1420 3100 collocatum
1443 3035 1549 3102 fuerat
1571 3039 1603 3100 in
1626 3039 1709 3103 navi.
1754 3037 1904 3102 videntes

250 3151 359 3210 autem
381 3143 501 3230 gaudio
523 3163 642 3228 magno
666 3141 769 3226 gavisi
791 3145 865 3203 sunt
888 3145 922 3202 et
944 3138 1087 3224 lapidem
1110 3138 1242 3224 quidem
1264 3159 1363 3225 super
1384 3139 1487 3204 altare
1505 3138 1650 3206 eiusdem
1666 3141 1731 3205 loci
1752 3142 1785 3204 in
1810 3142 1901 3205 testi-

250 3249 392 3313 mouium
413 3255 600 3334 posuerunt,
623 3267 739 3334 corpus
760 3267 839 3310 vero
862 3245 964 3308 saneti
978 3245 1037 3308 viri
1060 3266 1133 3309 cum
1149 3244 1274 3332 hymnis
1294 3250 1327 3308 et
1343 3244 1492 3309 laudibus
1508 3244 1551 3309 ad
1566 3267 1659 3310 suum
1673 3247 1901 3310 monasterium

251 3353 436 3418 deferentes
459 3353 601 3417 maximo
623 3349 826 3415 multitudine
850 3349 1043 3435 populorum
1074 3354 1290 3434 prosequente
1321 3369 1392 3413 cum
1420 3348 1539 3433 gaudio
1569 3356 1603 3414 et
1625 3349 1749 3414 laetitia
1773 3370 1902 3435 magna,

198 3485 225 3524 ac
251 3458 402 3542 quoniam
425 3462 596 3542 patronum
620 3460 653 3519 et
676 3453 868 3519 advocatum
892 3472 1044 3537 magnum
1066 3453 1190 3537 patriae
1214 3472 1293 3516 suae
1321 3458 1354 3516 et
1370 3451 1457 3538 apud
1472 3450 1638 3516 dominum
1653 3453 1903 3518 intercessorem

250 3561 449 3626 invenerant.
494 3559 563 3623 dies
586 3564 696 3622 autem
721 3557 786 3638 illa,
811 3577 895 3642 quae
921 3563 970 3619 cst
994 3556 1104 3641 quinto
1128 3554 1199 3619 idus
1214 3554 1302 3636 Maii,
1326 3555 1367 3619 ab
1391 3555 1611 3642 illotempcre
1628 3557 1789 3642 usquead
1807 3577 1903 3644 prae·

250 3685 324 3730 sens
352 3671 480 3751 tempus
510 3662 722 3729 celeberrima
749 3661 864 3726 celitur
890 3666 924 3724 ct
953 3665 1098 3724 servatur
1128 3658 1215 3744 apud
1244 3658 1456 3744 provinciales
1486 3657 1699 3724 Venetenses.
1749 3661 1904 3746 plurimas

251 3769 350 3832 etiam
376 3770 409 3832 in
437 3768 494 3832 illa
523 3766 575 3830 die
606 3766 717 3830 solitus
747 3771 797 3829 est
824 3763 971 3828 dominus
1000 3762 1107 3826 lacere
1131 3763 1266 3826 virtutes
1289 3760 1331 3824 ad
1354 3761 1423 3826 eius
1445 3763 1644 3847 sepulcrum,
1675 3763 1757 3828 sicut
1786 3765 1906 3850 stipsi

250 3875 351 3938 oculis
374 3872 490 3937 nostris
513 3869 660 3936 vidimus.
704 3869 845 3956 positum
869 3872 1050 3931 astantem
1073 3886 1188 3950 eorpus
1212 3865 1314 3930 sancti
1337 3865 1397 3930 viri
1424 3866 1457 3929 in
1481 3867 1629 3947 ecclesia,
1653 3888 1749 3953 quam
1775 3869 1903 3955 ipsein

199 4001 223 4042 cs
251 3979 382 4064 antiquo
412 3983 517 4042 castro
547 3974 692 4041 Reuvisii
718 3977 956 4052 construxerat,
988 3970 1105 4036 eadem
1134 3989 1199 4054 qua
1226 3969 1368 4054 praefati
1396 3989 1504 4033 sumus
1536 3969 1603 4052 die,
1633 3971 1689 4035 ubi
1718 3991 1778 4058 per
1800 3972 1905 4037 multa

250 4103 407 4146 annorum
431 4080 588 4145 curricula
611 4076 800 4143 servabatur
830 4083 863 4140 et
891 4075 932 4139 ab
960 4075 1110 4140 universa
1132 4072 1316 4138 Brittonum
1344 4079 1442 4158 gente
1471 4073 1701 4139 venerabiliter
1724 4076 1902 4159 colebatur,

251 4186 403 4271 quoniam
425 4183 677 4250 irmumerabilcs
700 4201 720 4244 a
744 4179 873 4244 domino
896 4179 1018 4243 fiebant
1039 4179 1183 4242 virtutes.
1228 4175 1405 4241 Interfecto
1436 4176 1609 4242 crudeliter
1632 4177 1673 4242 ab
1696 4179 1802 4265 impiis
1825 4179 1900 4243 reli·
1920 4191 1961 4253 32

250 4291 342 4375 gioso
365 4309 444 4374 rege
468 4289 642 4354 Salomone
666 4293 699 4350 et
722 4284 949 4350 dissidentibus
971 4284 1056 4347 inter
1078 4303 1113 4345 se
1135 4283 1223 4367 ipsos
1238 4280 1399 4345 Britannis
1415 4280 1567 4366 bellaque
1583 4283 1735 4346 intestina
1757 4284 1900 4368 gerenti-

250 4392 322 4476 bus,
345 4415 365 4457 a
387 4394 464 4458 foris
487 4399 596 4457 autem
622 4391 734 4477 piratis
761 4388 927 4453 Dacorum
953 4387 1137 4451 universam
1167 4384 1367 4449 Britanniam
1392 4385 1491 4470 louge
1519 4385 1650 4470 lateque
1674 4385 1901 4472 depopulanti·

198 4519 224 4557 ao
250 4497 325 4562 bus:
349 4518 425 4561 nam
448 4517 487 4561 eo
510 4503 657 4581 tempore
680 4513 761 4579 gem
783 4493 854 4577 ipsa
877 4490 1056 4556 Galliarum
1079 4509 1207 4575 queque
1237 4493 1347 4574 partes
1369 4487 1520 4552 vastabat
1550 4489 1727 4552 maritimas
1756 4495 1790 4552 et
1814 4490 1905 4575 quasi

250 4601 391 4687 quadam
414 4599 578 4686 grandinis
601 4596 797 4662 intolerabili
819 4600 1015 4681 tempestate
1039 4593 1240 4658 conterebat.
1286 4592 1397 4678 itaquo
1419 4590 1605 4674 Britannia,
1629 4612 1713 4676 quae
1737 4592 1814 4656 olim
1836 4592 1902 4657 Lc-

251 4705 339 4769 tavia
361 4702 447 4766 dicta
470 4703 539 4784 luit,
563 4703 644 4766 sicut
668 4701 818 4783 diximus,
843 4720 883 4764 eo
908 4706 1055 4784 tempore
1078 4705 1146 4762 tam
1169 4719 1189 4761 a
1212 4697 1276 4760 suis
1300 4716 1397 4781 quam
1419 4695 1462 4760 ab
1486 4696 1651 4760 extraneis
1667 4695 1790 4760 crudeli
1807 4695 1904 4760 modo

250 4806 447 4873 vastabatur.
494 4807 649 4887 civitates,
674 4804 820 4885 castella,
844 4803 1013 4884 ccclesiae,
1038 4801 1169 4884 domus,
1193 4799 1388 4864 monasteria
1410 4799 1551 4863 virorum
1575 4806 1673 4884 atque
1697 4800 1904 4864 sanctimoni-

250 4913 349 4976 alium
371 4911 439 4996 igni
461 4908 682 4991 tradebantur,
707 4908 810 4973 donec
832 4908 866 4971 iu
888 4905 1094 4971 solitudinem
1118 4912 1151 4968 et
1173 4910 1298 4969 vastam
1322 4923 1467 4966 eremum
1490 4903 1619 4967 omuino
1644 4903 1734 4987 regio
1759 4909 1828 4967 tota
1851 4902 1905 4969 dei
1949 4981 1955 4998 ι

197 5036 223 5076 rs
249 5014 367 5080 iudicio
391 5012 603 5098 redigeretur.
649 5033 689 5076 eo
713 5017 860 5096 tempore
883 5009 1007 5074 Alanus
1030 5015 1128 5096 atque
1152 5008 1377 5093 Pasquetenus
1401 5005 1501 5070 frater
1525 5007 1594 5071 eius
1611 5005 1803 5071 Veneticam
1826 5021 1917 5092 pro-'

250 5120 387 5184 viucmm
410 5117 578 5202 regebant,
606 5135 689 5201 quac
713 5113 896 5179 aGuereco
919 5111 984 5177 Bro
1008 5107 1132 5177 Gueret
1155 5111 1289 5193 dicitur,
1313 5129 1352 5174 co
1379 5109 1466 5195 quod
1488 5111 1594 5175 cccisc
1617 5108 1799 5196 Belpcleno
1823 5109 1905 5174 duce

250 5243 323 5288 cum
346 5223 492 5288 exercitu
513 5241 581 5302 suc,
605 5219 747 5304 effugato
773 5216 957 5281 etiamalio
982 5216 1180 5282 Francorum
1203 5215 1285 5280 duce
1308 5212 1484 5279 Ebracaric
1509 5215 1680 5299 regionem
1700 5215 1805 5299 ipsam
1829 5215 1903 5280 viri-

355 5463 437 5533 lhis]
455 5464 536 5516 bicB
650 5459 683 5514 12
701 5457 796 5527 autam]
815 5476 918 5527 quoque
931 5458 956 5510 Β
1069 5455 1103 5510 15
1120 5468 1216 5524 quanto
1229 5458 1254 5509 Β
1375 5456 1410 5510 20
1427 5457 1535 5510 reuuiaii
1551 5454 1636 5508 cm.B
1758 5452 1791 5508 27
1812 5455 1868 5506 aius
1881 5453 1907 5505 B

250 5549 285 5604 db
301 5549 437 5619 rsuysiiB
514 5547 548 5602 37
566 5567 582 5602 a
599 5545 710 5613 dominc]
728 5545 802 5600 ibiB
879 5545 958 5614 elsua
976 5545 1108 5598 letaniaB
1182 5544 1218 5597 45
1235 5533 1446 5612 pasqustanusB
1526 5540 1560 5596 46
1578 5539 1746 5608 guarccclB,
1766 5539 1910 5594 werecoM
