4552 6308
361 379 424 440 430
893 372 925 426 V.
944 369 1183 426 ahraacvnvs
1201 369 1474 426 luesderouvu

361 547 499 612 undeet
527 547 630 633 primo
662 546 793 632 quidem
817 548 972 628 apparuit
999 547 1103 632 prima
1130 566 1225 610 mane
1248 543 1372 609 Mariae
1394 543 1591 630 Magdalene
1622 555 1655 609 et
1682 545 1799 610 deinde
1827 549 1891 612 suis
1915 547 2012 613 disci-

360 651 444 737 pulis
475 649 625 731 apostolis
653 656 682 714 et
710 649 786 714 aliis
813 651 933 714 sauciis
960 671 1057 732 quarn
1084 648 1235 730 plurimis
1265 653 1294 712 ct
1322 653 1531 712 commoratus
1552 654 1597 712 est
1620 669 1691 712 cum
1713 651 1759 712 eis
1772 671 1835 730 per
1856 651 1923 714 dies
1947 652 2012 716 XL

361 776 456 835 super
479 760 604 833 temous,
621 760 791 836 postquam
814 756 988 820 resurrexit
1010 774 1031 817 a
1053 755 1195 818 mortuis.
1241 759 1270 817 ct
1291 753 1480 834 adsrcmptus
1501 756 1546 816 est
1568 752 1604 816 iu
1626 751 1721 816 caelis
1741 753 1888 820 dmniuus
1907 761 2013 820 uester

362 864 391 922 et
419 859 497 924 detes
526 858 619 923 Iesus
644 857 791 924 Christum
817 881 920 924 meuse
942 859 1128 936 Artemisio,
1155 859 1212 939 qui
1241 862 1270 922 et
1293 857 1394 933 Maio,
1419 856 1515 920 Vdie
1541 857 1668 935 mensis,
1698 857 1731 921 id
1761 865 1811 923 est
1834 859 1886 924 III
1907 881 2011 925 nonas

362 961 476 1044 Maias,
500 963 551 1028 aa
573 961 604 1024 V
619 950 673 1043 JV,
697 984 754 1028 ora
776 963 823 1040 II,
846 969 1027 1028 sauctorum
1053 961 1264 1044 apostotorum
1291 961 1465 1025 ridentium
1493 965 1523 1024 et
1550 960 1618 1024 clia
1647 961 1741 1026 turbo
1771 961 2009 1050 discipolorum,
2053 994 2066 1032 s

361 1067 514 1147 qucruodo
535 1073 719 1148 assumptus
737 1073 782 1132 est
796 1089 818 1132 a
832 1069 969 1132 uuoihus
989 1073 1018 1131 et
1032 1071 1214 1132 sauctuum
1229 1065 1410 1148 armatorum
1425 1066 1598 1129 uiuentium
1620 1063 1701 1128 illis:
1724 1066 1803 1146 quid
1816 1068 1960 1148 aspicitis
1976 1069 2014 1132 iu

361 1169 495 1246 caelum,
518 1171 581 1234 ciri
606 1168 769 1234 Gulitcei?
790 1169 841 1234 liic
863 1171 956 1236 Iesus
978 1172 1032 1256 qui
1055 1175 1222 1257 asumptus
1246 1177 1296 1233 est
1318 1189 1338 1232 a
1358 1169 1466 1250 vohis,
1494 1169 1540 1233 sic
1561 1169 1679 1233 iterum
1701 1171 1824 1250 veniet,
1856 1170 2011 1257 quemad-

205 1299 255 1345 uu.
271 1313 291 1354 p.
301 1303 347 1346 ecc.
362 1275 494 1340 modum
518 1295 593 1340 eum
607 1272 725 1339 videtis
748 1280 878 1338 euntem
901 1275 934 1339 in
950 1275 1085 1339 caelum.
1123 1273 1278 1338 discendit
1291 1277 1398 1336 autau
1412 1271 1589 1337 secundum
1606 1270 1726 1337 domini
1746 1274 2013 1360 pollicitationem

360 1385 492 1445 sauctus
507 1385 536 1444 et
551 1379 727 1459 vivificator
740 1379 876 1460 spiritus
889 1401 985 1461 super
1000 1377 1155 1460 apostotos
1170 1399 1273 1442 nume
1287 1377 1468 1454 Artemisio,
1491 1378 1548 1456 qui
1563 1382 1592 1439 ct
1607 1376 1709 1455 Maio,
1735 1378 1771 1442 X
1777 1377 1808 1439 V
1823 1380 1874 1443 die
1887 1381 2013 1456 numm,

361 1486 411 1550 die
433 1485 601 1562 dominica,
623 1503 681 1548 ora
694 1484 762 1560 III,
786 1503 880 1565 aprus
896 1483 1098 1564 presidatum
1119 1483 1156 1547 iu
1170 1481 1294 1548 Iudaea
1315 1481 1398 1545 idun
1420 1480 1558 1546 Poutius
1580 1479 1717 1558 Pilatus,
1739 1483 1797 1563 qui
1817 1483 2008 1566 udsipwus
2036 1513 2062 1553 ιο

361 1589 469 1670 suerat
485 1588 672 1670 principari
691 1587 777 1669 penti
799 1587 994 1654 Iudaeorum
1015 1587 1055 1653 ab
1077 1588 1146 1668 ipso
1171 1586 1294 1650 Tiberio
1320 1582 1469 1663 Caesare,
1497 1585 1555 1665 qui
1576 1583 1718 1649 dissolvit
1739 1607 1868 1668 repuum
1892 1586 2012 1652 iudae-

362 1713 453 1758 orum
475 1697 505 1757 ct
526 1692 720 1756 constitueras
741 1691 967 1771 eipriucipem
987 1711 1135 1771 praeesse
1156 1689 1340 1772 emmaque
1362 1688 1509 1754 ootummt
1531 1689 1589 1753 sub
1606 1689 1817 1770 pontificatis
1838 1691 2014 1756 sacerdotio

363 1797 557 1862 iudaeorum
578 1796 695 1860 Auuoe
717 1799 747 1860 et
772 1795 920 1876 Oaiprdae.

471 1903 518 1964 12.
541 1898 605 1965 Hic
627 1919 766 1986 namque
789 1898 861 1964 loco
885 1898 962 1963 licet
976 1899 1145 1984 inspicere,
1169 1897 1325 1984 quidquid
1339 1897 1509 1985 pertulerit
1528 1895 1673 1961 Ohrishrs
1689 1897 1775 1962 salus
1792 1903 1825 1962 et
1839 1899 2012 1986 redimptio

363 2010 482 2086 nostra,
507 2004 613 2068 omnia
636 2009 729 2090 gesta
752 2007 825 2066 suut
846 2001 1061 2066 inhominem
1084 2001 1215 2087 plenum
1232 2021 1304 2065 cum
1321 1999 1394 2067 deo.
1432 2021 1507 2064 nam
1523 1999 1610 2087 quod
1626 2000 1770 2066 Christus
1785 2023 1845 2089 per
1859 2004 2012 2088 angelum
2042 2031 2067 2071 ss

361 2109 478 2194 virgini
507 2109 686 2190 mundatur,
723 2106 765 2172 ad
795 2105 1016 2171 evacuandum
1046 2106 1214 2170 consilium
1247 2106 1406 2192 serpentis
1439 2104 1482 2170 ad
1507 2103 1610 2170 Evam
1639 2105 1672 2169 in
1703 2106 1874 2193 paradyso.
1926 2107 2015 2195 quod

363 2219 472 2277 autem
496 2212 536 2278 de
558 2213 682 2298 virgine
705 2217 799 2275 natus
823 2216 882 2292 est,
905 2215 1039 2296 propter
1060 2211 1316 2296 protoplaustum
1332 2208 1451 2285 Adam,
1477 2229 1573 2294 quem
1597 2209 1638 2274 de
1661 2210 1784 2296 virgine
1807 2217 1894 2276 terra
1916 2219 1950 2276 et
1963 2213 2015 2276 in-

362 2318 488 2403 polluta
511 2317 553 2382 ad
577 2337 668 2380 suam
699 2317 776 2380 lecit
798 2315 990 2401 imaginem
1018 2315 1072 2399 qui
1096 2335 1168 2378 cum
1190 2313 1347 2379 suadente
1372 2312 1502 2378 diabulo
1525 2315 1639 2378 mortis
1662 2315 1846 2380 incorrisset
1868 2317 2015 2397 exitium,

363 2442 383 2484 a
412 2422 480 2485 solo
511 2419 640 2485 domino
672 2419 799 2484 Ohristo
829 2439 936 2483 rerum
964 2425 1132 2503 reparator
1161 2425 1194 2482 et
1222 2416 1369 2482 conditor
1397 2417 1465 2481 eius
1496 2419 1638 2503 corporis
1666 2425 1700 2482 et
1729 2420 1856 2484 animae
1883 2440 1943 2506 per
1964 2420 2014 2484 in-

363 2526 567 2590 mortalitatis
590 2522 709 2589 Christi
737 2529 972 2588 restauraretur
1001 2522 1206 2588 domicilium.
1257 2523 1344 2610 quod
1366 2529 1475 2588 autem
1498 2522 1616 2589 decimi
1639 2526 1758 2589 mensis
1779 2526 1913 2590 limitem
1936 2527 2012 2590 teti·
2041 2549 2070 2589 so

363 2630 465 2714 gisset
491 2630 531 2693 in
547 2629 678 2713 virginis
700 2634 842 2709 uterum,
872 2626 906 2691 id
929 2633 978 2692 est
1001 2626 1053 2691 die
1077 2627 1124 2691 VI
1147 2648 1245 2714 super
1267 2648 1378 2692 mense
1401 2649 1502 2709 nono,
1525 2629 1713 2714 perficiens,
1735 2628 1822 2715 quod
1844 2630 1949 2694 nullus
1973 2651 2018 2694 ex

299 2821 300 2824 Ἴ
363 2734 435 2797 filiis
464 2732 629 2798 hominum
658 2733 762 2817 tangit
789 2738 926 2796 metrum
953 2730 1115 2796 nascendo
1145 2752 1205 2818 per
1227 2733 1350 2796 semine
1379 2732 1440 2796 nisi
1462 2732 1550 2797 solus
1572 2732 1716 2798 Christus
1739 2754 1833 2798 verus
1855 2735 1939 2800 filius
1962 2735 2018 2800 dei

364 2845 398 2903 et
419 2838 557 2903 hominis
585 2839 654 2903 sine
677 2838 800 2902 semine
823 2842 916 2901 natus
940 2857 982 2901 ex
1006 2837 1144 2922 virgine,
1173 2837 1218 2900 ita
1240 2843 1276 2900 ut
1305 2837 1383 2901 fiant
1407 2835 1475 2900 dies
1498 2837 1530 2900 in
1552 2857 1616 2901 una
1639 2838 1829 2902 collectione
1852 2840 2018 2905 constricti

365 2941 574 3024 OGLXXW,
599 2942 653 3027 qui
674 2941 755 3006 fiunt
771 2941 966 3027 allegoricae
984 2943 1035 3005 vel
1058 2941 1189 3027 tipicam
1214 2942 1430 3027 questionem
1454 2941 1540 3026 quod
1562 2941 1632 3026 ipse
1655 2941 1772 3006 affatus
1794 2942 1825 3006 in
1842 2943 2016 3028 euangelio

364 3049 424 3111 ait:
449 3047 563 3111 solvite
588 3047 743 3132 templum
766 3046 838 3128 hoc,
863 3053 896 3110 et
919 3066 981 3131 ego
1005 3047 1037 3109 in
1060 3045 1161 3110 tribus
1185 3044 1299 3110 diebus
1315 3045 1476 3109 suscitabo
1492 3044 1580 3111 illud.
1619 3045 1678 3109 sed
1692 3045 1806 3111 Iudaei
1827 3047 2015 3131 ignorantes
2043 3067 2070 3109 ss

365 3151 539 3236 capitulum
569 3150 700 3215 rationis
728 3151 931 3236 protulerunt
959 3151 1176 3215 testimonium
1198 3151 1342 3214 ueritatis
1371 3156 1405 3214 et
1431 3151 1477 3213 ita
1500 3148 1629 3214 domino
1653 3148 1888 3236 respondentes
1910 3151 2015 3215 aiunt:

363 3253 425 3319 XL
449 3260 482 3319 et
504 3255 552 3319 VI
575 3275 676 3319 annos
699 3253 904 3320 aedificatum
929 3261 978 3319 est
1000 3256 1157 3342 templum
1180 3254 1257 3335 hoc,
1291 3261 1324 3319 et
1346 3259 1381 3318 tu
1403 3255 1435 3318 in
1463 3253 1565 3318 tribus
1587 3253 1701 3318 diebus
1724 3253 1891 3318 suscitabis
1913 3253 2015 3318 illud?

364 3359 418 3424 ille
448 3365 572 3439 autem,
602 3357 714 3445 inquid
743 3359 958 3444 euangelista,
990 3358 1119 3424 dicebat
1148 3358 1189 3423 de
1220 3359 1342 3444 templo
1365 3359 1508 3444 corporis
1531 3359 1594 3436 sui,
1627 3359 1716 3422 cuius
1740 3357 2015 3445 dispensationem

364 3461 631 3548 adpraehendere
653 3463 868 3548 nequiverunt
882 3462 1006 3543 Iudaei,
1030 3463 1169 3549 ideoque
1194 3483 1361 3528 nomemm
1384 3483 1540 3527 annorum
1561 3460 1792 3526 aedificationis
1814 3463 1937 3550 templi,
1961 3465 2018 3549 qui

362 3568 423 3632 uiri
452 3567 566 3652 templi
593 3566 729 3630 formam
759 3573 910 3652 gerevat,
941 3566 1071 3632 domino
1099 3569 1315 3654 protulerunt:
1346 3587 1442 3653 quem
1471 3586 1639 3631 nomemm
1668 3587 1733 3631 non
1756 3567 1815 3632 sub
1839 3566 2014 3632 Salomone
2043 3591 2073 3632 so

364 3670 562 3736 conditorem
585 3669 731 3734 eiusdem
754 3672 877 3757 templi,
902 3670 960 3735 sed
981 3672 1040 3737 sub
1058 3671 1241 3753 Zorobabil,
1265 3673 1319 3757 qui
1336 3677 1369 3735 et
1383 3669 1556 3750 Hesdram‚
1580 3675 1828 3735 restauratorem
1844 3671 2018 3756 contigisse

363 3776 550 3860 perlegitur,
581 3793 619 3838 eo
650 3772 738 3858 quod
765 3781 896 3859 gentes,
930 3796 1012 3859 quae
1042 3776 1074 3839 in
1102 3777 1234 3840 circuitu
1257 3782 1367 3856 erant,
1391 3796 1471 3862 opus
1494 3772 1626 3840 cottidie
1649 3773 1894 3860 praepedibant.
1939 3796 2016 3840 nam

364 3879 519 3944 Salomon
540 3878 573 3941 in
596 3878 686 3942 annis
709 3877 775 3942 VII
798 3879 971 3964 complevit
993 3899 1074 3966 opus
1097 3879 1235 3945 aedificii
1260 3879 1372 3965 templi
1396 3878 1526 3943 domini.

471 3985 519 4047 13.
548 3980 679 4045 Etenim
711 3981 797 4045 visus
820 3989 931 4047 noster
958 3985 1109 4069 pacificus
1132 3983 1286 4049 Salomon
1309 3983 1494 4049 aedificavit
1516 3983 1577 4047 sibi
1599 4004 1658 4069 per
1681 3984 1872 4069 sapientiam
1894 3985 1927 4048 in
1949 3985 2014 4048 vir-

363 4087 473 4173 ginem
497 4084 711 4150 sacratissima
733 4085 782 4148 sui
805 4088 946 4172 corporis
976 4089 1131 4174 templum
1155 4109 1214 4174 per
1234 4087 1319 4152 hunc
1341 4107 1509 4152 numerum
1533 4091 1693 4168 sanctum,
1721 4087 1755 4151 id
1778 4093 1827 4151 est
1849 4109 1907 4174 per
1929 4107 2015 4152 nono
2046 4119 2073 4158 (ε

362 4208 491 4252 menses
522 4194 555 4252 et
586 4187 655 4252 dies
677 4186 739 4266 VI,
776 4189 851 4275 quia
884 4191 986 4255 omnis
1023 4193 1173 4256 nativitas
1209 4193 1343 4257 masculi
1371 4191 1487 4256 decimi
1515 4192 1636 4255 mensis
1664 4191 1768 4275 tangit
1793 4192 1884 4256 initia
1911 4199 1945 4256 et
1972 4194 2017 4256 sic

363 4291 472 4378 prodit
494 4290 537 4356 ad
559 4292 652 4356 huius
674 4293 761 4356 vitae
785 4295 960 4380 quatentia.
1007 4317 1081 4360 nam
1103 4297 1164 4361 hoc
1188 4296 1300 4361 ordine
1318 4295 1493 4361 secundum
1510 4296 1699 4359 auctoritate
1716 4295 1872 4359 maiomm
1888 4301 2016 4358 nostro-

364 4417 434 4459 rum
465 4395 572 4482 adque
603 4397 745 4483 priorum
770 4396 885 4463 dicitur
907 4406 963 4464 aut
985 4400 1104 4485 legitur
1126 4402 1254 4487 generis
1277 4401 1408 4464 humaui
1432 4401 1616 4486 conceptio,
1640 4397 1727 4483 quod
1748 4420 1809 4483 per
1829 4398 1878 4462 VI
1901 4397 2017 4463 diebus

363 4501 456 4566 lactis
490 4499 732 4565 simihtudinem
759 4501 884 4568 habens
914 4511 1024 4568 manet
1051 4525 1163 4569 semen
1188 4506 1221 4569 in
1250 4505 1359 4580 vulva;
1389 4502 1505 4568 dehinc
1532 4508 1737 4568 convertetur
1765 4502 1798 4565 in
1826 4501 2015 4586 sanguinem

362 4626 464 4690 usque
496 4603 538 4669 ad
567 4603 636 4670 dies
660 4603 775 4682 VIIII;
812 4605 930 4673 deiude
954 4615 1092 4696 augetur
1120 4630 1221 4696 usque
1249 4608 1291 4674 ad
1312 4607 1394 4682 XII;
1427 4614 1459 4672 et
1482 4607 1598 4672 dehinc
1621 4605 1781 4672 adduntur
1801 4606 1835 4670 X
1857 4611 1890 4670 et
1912 4603 2014 4680 VIII;
2045 4637 2072 4676 ω

365 4711 419 4795 qui
441 4730 520 4774 mox
543 4708 727 4774 coaculatm
750 4717 784 4775 et
806 4711 910 4776 tendit
931 4711 974 4777 ad
996 4714 1184 4778 liniamenta
1205 4713 1434 4777 membrorum.
1473 4712 1518 4775 ita
1539 4730 1678 4795 namque
1701 4709 1750 4773 VI
1773 4714 1806 4775 et
1824 4707 1926 4773 VIIII
1948 4707 2017 4772 XII

364 4820 396 4878 et
418 4812 535 4877 XVIII
558 4813 638 4878 fiunt
660 4814 755 4878 simul
776 4814 878 4891 XLV;
908 4815 1009 4882 addes
1032 4838 1130 4882 unum
1151 4824 1195 4892 et
1216 4817 1295 4882 fiunt
1317 4814 1438 4881 XLVI.
1483 4821 1517 4880 et
1544 4812 1619 4878 inde
1643 4813 1731 4878 ducis
1754 4833 1813 4898 per
1835 4817 1958 4898 partes,
1982 4810 2016 4876 id

364 4925 413 4982 est
435 4919 543 4982 sexies
566 4918 766 5004 quadrageni
782 4917 910 4985 OOXL.
955 4927 988 4986 et
1010 4922 1126 4986 iterum
1149 4920 1236 4986 idem
1259 4941 1319 5008 per
1341 4926 1467 4984 sextam
1490 4939 1549 4983 sex
1572 4919 1641 4982 seni
1654 4915 1802 4981 XXXVI
1817 4915 1894 4978 tries
1916 4915 2015 4996 sexis,

363 5023 417 5108 qui
449 5023 481 5087 in
512 5043 609 5086 unam
639 5044 763 5087 summa
794 5024 873 5088 fiunt
903 5023 1112 5090 OOLXXVI.
1164 5032 1197 5090 et
1227 5024 1300 5089 ideo
1330 5022 1416 5110 quod
1445 5024 1478 5087 in
1501 5022 1630 5087 domino
1654 5021 1721 5084 solo
1750 5025 1814 5083 una
1837 5015 1922 5082 cadit
1945 5017 2015 5081 dies

362 5148 459 5213 super
487 5127 581 5191 XLV
609 5133 743 5214 propter
771 5127 968 5213 singularem
1002 5131 1070 5195 eius
1105 5131 1359 5194 incarnationem
1388 5125 1429 5191 de
1457 5126 1580 5212 virgine
1610 5125 1678 5189 siue
1714 5121 1915 5208 corruptione
1946 5122 2014 5186 sive
2044 5157 2070 5196 u

361 5233 544 5317 gluttinatio
580 5232 719 5296 seminis.
778 5252 817 5296 eo
852 5232 940 5319 quod
975 5233 1152 5300 secundum
1186 5240 1298 5320 typum
1333 5230 1538 5296 historiabilis
1569 5229 1683 5314 templi
1710 5227 1771 5291 XL
1795 5233 1828 5290 et
1849 5225 1897 5289 VI
1925 5227 2017 5290 annis

362 5335 582 5418 aedificatum,
611 5338 656 5401 ita
683 5357 799 5421 corpus
824 5335 942 5402 Obristi
964 5337 1172 5403 humanitatis
1196 5359 1273 5402 suae
1302 5357 1362 5423 per
1383 5335 1468 5399 hunc
1491 5332 1627 5420 gradum
1650 5337 1832 5395 restaurans
1854 5329 2015 5414 parietem
2109 5335 2111 5340 '

361 5443 394 5505 in
422 5442 616 5527 semetipso,
650 5461 747 5526 quem
777 5440 809 5504 in
838 5441 946 5506 Adam
976 5443 1041 5507 suis
1070 5441 1292 5507 fraudulentiis
1322 5439 1470 5504 diabulus
1497 5435 1632 5502 callidus
1659 5454 1791 5520 serpens
1822 5432 2016 5516 ruinaverat,

465 5597 497 5650 12
520 5595 646 5665 pracesse}
665 5598 809 5665 peresseO
893 5598 929 5652 23
951 5599 1058 5668 sencino]
1077 5600 1182 5652 semro
1272 5597 1306 5650 34
1331 5595 1416 5664 uisus]
1437 5599 1509 5648 Issus
1527 5595 1616 5646 Maius
1701 5590 1735 5643 39
1758 5586 1853 5655 manet]
1872 5603 1931 5639 nam
1950 5595 1977 5640 et
1997 5590 2020 5639 (ῤ’

412 5686 495 5738 nulba
508 5685 531 5736 0
538 5693 552 5723 ⁸
