<?xml version="1.0" encoding="UTF-8"?>
<!DOCTYPE html PUBLIC "-//W3C//DTD XHTML 1.0 Transitional//EN"
    "http://www.w3.org/TR/xhtml1/DTD/xhtml1-transitional.dtd">
<html xmlns="http://www.w3.org/1999/xhtml" xml:lang="en" lang="en">
 <head>
  <title>
</title>
<meta http-equiv="Content-Type" content="text/html;charset=utf-8" />
  <meta name='ocr-system' content='tesseract 3.04.00' />
  <meta name='ocr-capabilities' content='ocr_page ocr_carea ocr_par ocr_line ocrx_word'/>
</head>
<body>
  <div class='ocr_page' id='page_1' title='image "./monumentagerman01mittgoog_0361.png"; bbox 0 0 4554 6316; ppageno 0'>
   <div class='ocr_carea' id='block_1_1' title="bbox 797 1271 1637 1394">
    <p class='ocr_par' dir='ltr' id='par_1_1' title="bbox 797 1271 1637 1394">
     <span class='ocr_line' id='line_1_1' title="bbox 797 1271 1637 1394; baseline 0 -2"><span class='ocrx_word' id='word_1_1' title='bbox 797 1271 1521 1394; x_wconf 85' lang='lat' dir='ltr'><strong>ADDITAMENTVM</strong></span> <span class='ocrx_word' id='word_1_2' title='bbox 1558 1274 1637 1394; x_wconf 89' lang='lat' dir='ltr'>V.</span> 
     </span>
    </p>
   </div>
   <div class='ocr_carea' id='block_1_2' title="bbox 440 1586 1997 2027">
    <p class='ocr_par' dir='ltr' id='par_1_2' title="bbox 440 1586 1997 2027">
     <span class='ocr_line' id='line_1_2' title="bbox 665 1586 1759 1698; baseline -0.002 -15"><span class='ocrx_word' id='word_1_3' title='bbox 665 1586 1205 1683; x_wconf 80' lang='lat' dir='ltr'><strong>GENERATIONVM</strong></span> <span class='ocrx_word' id='word_1_4' title='bbox 1245 1586 1759 1698; x_wconf 80' lang='lat' dir='ltr'>REGNORVMQVE</span> 
     </span>
     <span class='ocr_line' id='line_1_3' title="bbox 823 1755 1617 1854; baseline 0 -2"><span class='ocrx_word' id='word_1_5' title='bbox 823 1755 1259 1854; x_wconf 83' lang='lat' dir='ltr'>LATERCVLVS</span> <span class='ocrx_word' id='word_1_6' title='bbox 1303 1756 1617 1853; x_wconf 82' lang='lat' dir='ltr'><strong>BEDANVS</strong></span> 
     </span>
     <span class='ocr_line' id='line_1_4' title="bbox 440 1928 1997 2027; baseline 0.001 -3"><span class='ocrx_word' id='word_1_7' title='bbox 440 1929 584 2024; x_wconf 90' lang='lat' dir='ltr'>CVM</span> <span class='ocrx_word' id='word_1_8' title='bbox 624 1929 1177 2027; x_wconf 82' lang='lat' dir='ltr'>CONTINVATIONE</span> <span class='ocrx_word' id='word_1_9' title='bbox 1217 1928 1674 2025; x_wconf 83' lang='lat' dir='ltr'>CAROLINGICA</span> <span class='ocrx_word' id='word_1_10' title='bbox 1714 1931 1997 2025; x_wconf 80' lang='lat' dir='ltr'><strong>ALTERA.</strong></span> 
     </span>
    </p>
   </div>
   <div class='ocr_carea' id='block_1_3' title="bbox 975 2217 1471 2292">
    <p class='ocr_par' dir='ltr' id='par_1_3' title="bbox 975 2217 1471 2292">
     <span class='ocr_line' id='line_1_5' title="bbox 975 2217 1471 2292; baseline -0.004 0"><span class='ocrx_word' id='word_1_11' title='bbox 975 2217 1140 2292; x_wconf 90' lang='lat' dir='ltr'>LIBRI</span> <span class='ocrx_word' id='word_1_12' title='bbox 1174 2217 1471 2291; x_wconf 87' lang='lat' dir='ltr'><strong>ADHIBITI:</strong></span> 
     </span>
    </p>
   </div>
   <div class='ocr_carea' id='block_1_4' title="bbox 808 2383 1788 2974">
    <p class='ocr_par' dir='ltr' id='par_1_4' title="bbox 811 2383 1735 2454">
     <span class='ocr_line' id='line_1_6' title="bbox 811 2383 1735 2454; baseline -0.001 -19"><span class='ocrx_word' id='word_1_13' title='bbox 811 2385 837 2436; x_wconf 91' lang='lat' dir='ltr'><em>B</em></span> <span class='ocrx_word' id='word_1_14' title='bbox 855 2405 887 2428; x_wconf 96' lang='lat'>=</span> <span class='ocrx_word' id='word_1_15' title='bbox 907 2385 1082 2437; x_wconf 75' lang='lat' dir='ltr'>Bruxeliensis</span> <span class='ocrx_word' id='word_1_16' title='bbox 1100 2405 1125 2438; x_wconf 91' lang='lat' dir='ltr'>n.</span> <span class='ocrx_word' id='word_1_17' title='bbox 1137 2383 1311 2438; x_wconf 73' lang='lat' dir='ltr'>esra-5422</span> <span class='ocrx_word' id='word_1_18' title='bbox 1330 2385 1441 2450; x_wconf 85' lang='lat' dir='ltr'>(minora</span> <span class='ocrx_word' id='word_1_19' title='bbox 1459 2387 1637 2454; x_wconf 84' lang='lat' dir='ltr'>praetcrmissa</span> <span class='ocrx_word' id='word_1_20' title='bbox 1654 2385 1735 2448; x_wconf 84' lang='lat' dir='ltr'>sunt).</span> 
     </span>
    </p>

    <p class='ocr_par' dir='ltr' id='par_1_5' title="bbox 818 2487 1237 2542">
     <span class='ocr_line' id='line_1_7' title="bbox 818 2487 1237 2542; baseline 0.005 -3"><span class='ocrx_word' id='word_1_21' title='bbox 818 2487 840 2539; x_wconf 85' lang='lat' dir='ltr'>C</span> <span class='ocrx_word' id='word_1_22' title='bbox 857 2509 888 2532; x_wconf 94' lang='lat'>=</span> <span class='ocrx_word' id='word_1_23' title='bbox 907 2491 1015 2541; x_wconf 75' lang='lat' dir='ltr'>Casinas</span> <span class='ocrx_word' id='word_1_24' title='bbox 1033 2507 1058 2542; x_wconf 89' lang='lat' dir='ltr'>n.</span> <span class='ocrx_word' id='word_1_25' title='bbox 1075 2488 1092 2540; x_wconf 91' lang='lat'><strong>3</strong></span> <span class='ocrx_word' id='word_1_26' title='bbox 1110 2507 1176 2542; x_wconf 86' lang='lat' dir='ltr'>sacc.</span> <span class='ocrx_word' id='word_1_27' title='bbox 1193 2492 1237 2541; x_wconf 87' lang='lat' dir='ltr'>lX.</span> 
     </span>
    </p>

    <p class='ocr_par' dir='ltr' id='par_1_6' title="bbox 808 2592 1302 2648">
     <span class='ocr_line' id='line_1_8' title="bbox 808 2592 1302 2648; baseline 0.01 -6"><span class='ocrx_word' id='word_1_28' title='bbox 808 2592 841 2642; x_wconf 84' lang='grc' dir='ltr'><em>Μ</em></span> <span class='ocrx_word' id='word_1_29' title='bbox 856 2614 889 2636; x_wconf 90' lang='lat'>=</span> <span class='ocrx_word' id='word_1_30' title='bbox 908 2595 1042 2646; x_wconf 76' lang='lat' dir='ltr'><strong>Parisinus</strong></span> <span class='ocrx_word' id='word_1_31' title='bbox 1060 2613 1085 2646; x_wconf 89' lang='lat' dir='ltr'>n.</span> <span class='ocrx_word' id='word_1_32' title='bbox 1099 2592 1168 2648; x_wconf 82' lang='lat'>4860</span> <span class='ocrx_word' id='word_1_33' title='bbox 1185 2611 1250 2646; x_wconf 82' lang='lat' dir='ltr'>succ</span> <span class='ocrx_word' id='word_1_34' title='bbox 1268 2597 1302 2647; x_wconf 89' lang='lat' dir='ltr'>X.</span> 
     </span>
    </p>

    <p class='ocr_par' dir='ltr' id='par_1_7' title="bbox 811 2695 1775 2868">
     <span class='ocr_line' id='line_1_9' title="bbox 811 2695 1775 2765; baseline 0.002 -19"><span class='ocrx_word' id='word_1_35' title='bbox 811 2696 842 2746; x_wconf 87' lang='lat' dir='ltr'><em>N</em></span> <span class='ocrx_word' id='word_1_36' title='bbox 856 2717 888 2740; x_wconf 82' lang='lat'>=</span> <span class='ocrx_word' id='word_1_37' title='bbox 907 2699 1070 2750; x_wconf 73' lang='lat' dir='ltr'><strong>Monacensis</strong></span> <span class='ocrx_word' id='word_1_38' title='bbox 1089 2717 1113 2750; x_wconf 92' lang='grc' dir='ltr'>ιι.</span> <span class='ocrx_word' id='word_1_39' title='bbox 1127 2695 1179 2749; x_wconf 87' lang='grc'>210</span> <span class='ocrx_word' id='word_1_40' title='bbox 1196 2715 1263 2750; x_wconf 82' lang='lat' dir='ltr'>saec.</span> <span class='ocrx_word' id='word_1_41' title='bbox 1279 2697 1352 2765; x_wconf 68' lang='lat' dir='ltr'>[xjx</span> <span class='ocrx_word' id='word_1_42' title='bbox 1369 2695 1479 2762; x_wconf 89' lang='lat' dir='ltr'>(minora</span> <span class='ocrx_word' id='word_1_43' title='bbox 1497 2699 1675 2764; x_wconf 77' lang='lat' dir='ltr'>praetermissa</span> <span class='ocrx_word' id='word_1_44' title='bbox 1693 2695 1775 2760; x_wconf 80' lang='lat' dir='ltr'>sunt).</span> 
     </span>
     <span class='ocr_line' id='line_1_10' title="bbox 817 2801 1339 2868; baseline 0 -14"><span class='ocrx_word' id='word_1_45' title='bbox 817 2803 840 2854; x_wconf 77' lang='lat' dir='ltr'><strong><em>S</em></strong></span> <span class='ocrx_word' id='word_1_46' title='bbox 856 2823 889 2846; x_wconf 93' lang='lat'><em>=</em></span> <span class='ocrx_word' id='word_1_47' title='bbox 908 2804 1086 2868; x_wconf 81' lang='lat' dir='ltr'>Sangallensis</span> <span class='ocrx_word' id='word_1_48' title='bbox 1105 2821 1129 2854; x_wconf 86' lang='lat' dir='ltr'>n.</span> <span class='ocrx_word' id='word_1_49' title='bbox 1142 2801 1194 2856; x_wconf 78' lang='grc'>878</span> <span class='ocrx_word' id='word_1_50' title='bbox 1211 2820 1278 2856; x_wconf 83' lang='lat' dir='ltr'>saec.</span> <span class='ocrx_word' id='word_1_51' title='bbox 1293 2805 1339 2854; x_wconf 81' lang='lat' dir='ltr'>IX.</span> 
     </span>
    </p>

    <p class='ocr_par' dir='ltr' id='par_1_8' title="bbox 818 2902 1788 2974">
     <span class='ocr_line' id='line_1_11' title="bbox 818 2902 1788 2974; baseline 0.001 -19"><span class='ocrx_word' id='word_1_52' title='bbox 818 2905 841 2955; x_wconf 86' lang='lat' dir='ltr'><em>V</em></span> <span class='ocrx_word' id='word_1_53' title='bbox 857 2928 889 2950; x_wconf 94' lang='lat'>=</span> <span class='ocrx_word' id='word_1_54' title='bbox 907 2907 1113 2959; x_wconf 80' lang='lat' dir='ltr'>vindobonensis</span> <span class='ocrx_word' id='word_1_55' title='bbox 1132 2926 1157 2960; x_wconf 93' lang='lat' dir='ltr'>n.</span> <span class='ocrx_word' id='word_1_56' title='bbox 1172 2905 1224 2960; x_wconf 80' lang='lat'>408</span> <span class='ocrx_word' id='word_1_57' title='bbox 1242 2924 1309 2960; x_wconf 84' lang='lat' dir='ltr'>sace.</span> <span class='ocrx_word' id='word_1_58' title='bbox 1326 2909 1363 2959; x_wconf 83' lang='lat' dir='ltr'>Xl</span> <span class='ocrx_word' id='word_1_59' title='bbox 1381 2905 1493 2974; x_wconf 86' lang='lat' dir='ltr'>(minora</span> <span class='ocrx_word' id='word_1_60' title='bbox 1511 2908 1690 2974; x_wconf 83' lang='lat' dir='ltr'>praetermissa</span> <span class='ocrx_word' id='word_1_61' title='bbox 1708 2902 1788 2970; x_wconf 87' lang='lat' dir='ltr'>sunt).</span> 
     </span>
    </p>
   </div>
   <div class='ocr_carea' id='block_1_5' title="bbox 391 3073 2050 3974">
    <p class='ocr_par' dir='ltr' id='par_1_9' title="bbox 391 3073 2050 3974">
     <span class='ocr_line' id='line_1_12' title="bbox 495 3073 2047 3162; baseline 0.001 -24"><span class='ocrx_word' id='word_1_62' title='bbox 495 3073 557 3148; x_wconf 82' lang='lat' dir='ltr'>Qui</span> <span class='ocrx_word' id='word_1_63' title='bbox 589 3076 733 3161; x_wconf 87' lang='lat' dir='ltr'>sequitur</span> <span class='ocrx_word' id='word_1_64' title='bbox 767 3077 939 3140; x_wconf 79' lang='lat' dir='ltr'>laterculus</span> <span class='ocrx_word' id='word_1_65' title='bbox 975 3077 1221 3161; x_wconf 79' lang='lat' dir='ltr'>generationum</span> <span class='ocrx_word' id='word_1_66' title='bbox 1258 3098 1494 3162; x_wconf 84' lang='lat' dir='ltr'>regnorumque</span> <span class='ocrx_word' id='word_1_67' title='bbox 1529 3077 1626 3140; x_wconf 88' lang='lat' dir='ltr'><strong>hodic</strong></span> <span class='ocrx_word' id='word_1_68' title='bbox 1661 3083 1755 3140; x_wconf 90' lang='lat' dir='ltr'>notus</span> <span class='ocrx_word' id='word_1_69' title='bbox 1792 3076 1850 3140; x_wconf 91' lang='lat' dir='ltr'>sub</span> <span class='ocrx_word' id='word_1_70' title='bbox 1885 3076 2047 3142; x_wconf 84' lang='lat' dir='ltr'>vocabulo</span> 
     </span>
     <span class='ocr_line' id='line_1_13' title="bbox 392 3177 2047 3266; baseline 0.002 -26"><span class='ocrx_word' id='word_1_71' title='bbox 392 3177 532 3243; x_wconf 79' lang='lat' dir='ltr'><strong>chronici</strong></span> <span class='ocrx_word' id='word_1_72' title='bbox 560 3178 601 3243; x_wconf 87' lang='lat' dir='ltr'>dc</span> <span class='ocrx_word' id='word_1_73' title='bbox 632 3201 692 3243; x_wconf 84' lang='lat' dir='ltr'>sex</span> <span class='ocrx_word' id='word_1_74' title='bbox 722 3181 882 3245; x_wconf 86' lang='lat' dir='ltr'>aetatibus</span> <span class='ocrx_word' id='word_1_75' title='bbox 913 3186 1102 3266; x_wconf 83' lang='lat' dir='ltr'>excerptum</span> <span class='ocrx_word' id='word_1_76' title='bbox 1127 3202 1198 3245; x_wconf 87' lang='lat' dir='ltr'>esse</span> <span class='ocrx_word' id='word_1_77' title='bbox 1222 3201 1266 3245; x_wconf 84' lang='lat' dir='ltr'>ex</span> <span class='ocrx_word' id='word_1_78' title='bbox 1286 3181 1443 3245; x_wconf 78' lang='lat' dir='ltr'><strong>chronicis</strong></span> <span class='ocrx_word' id='word_1_79' title='bbox 1467 3179 1608 3245; x_wconf 84' lang='lat' dir='ltr'>Bedunia</span> <span class='ocrx_word' id='word_1_80' title='bbox 1636 3180 1811 3245; x_wconf 91' lang='lat' dir='ltr'>maioribus</span> <span class='ocrx_word' id='word_1_81' title='bbox 1843 3180 2047 3264; x_wconf 82' lang='lat' dir='ltr'>intellegitur</span> 
     </span>
     <span class='ocr_line' id='line_1_14' title="bbox 393 3280 2048 3370; baseline 0.002 -26"><span class='ocrx_word' id='word_1_82' title='bbox 393 3301 434 3344; x_wconf 83' lang='lat' dir='ltr'>cx</span> <span class='ocrx_word' id='word_1_83' title='bbox 458 3280 568 3346; x_wconf 89' lang='lat' dir='ltr'>codice</span> <span class='ocrx_word' id='word_1_84' title='bbox 592 3283 646 3369; x_wconf 93' lang='lat' dir='ltr'>qui</span> <span class='ocrx_word' id='word_1_85' title='bbox 669 3292 718 3348; x_wconf 90' lang='lat' dir='ltr'>est</span> <span class='ocrx_word' id='word_1_86' title='bbox 740 3286 824 3349; x_wconf 86' lang='lat' dir='ltr'>iuter</span> <span class='ocrx_word' id='word_1_87' title='bbox 847 3287 986 3370; x_wconf 88' lang='lat' dir='ltr'>optimos</span> <span class='ocrx_word' id='word_1_88' title='bbox 1005 3284 1211 3350; x_wconf 85' lang='lat' dir='ltr'>Bruxellensi</span> <span class='ocrx_word' id='word_1_89' title='bbox 1233 3307 1263 3350; x_wconf 94' lang='lat' dir='ltr'>n.</span> <span class='ocrx_word' id='word_1_90' title='bbox 1282 3287 1505 3366; x_wconf 81' lang='grc'>5413-5122,</span> <span class='ocrx_word' id='word_1_91' title='bbox 1531 3285 1681 3370; x_wconf 88' lang='lat' dir='ltr'>quoniam</span> <span class='ocrx_word' id='word_1_92' title='bbox 1704 3283 1844 3347; x_wconf 90' lang='lat' dir='ltr'>ibicum</span> <span class='ocrx_word' id='word_1_93' title='bbox 1868 3283 2048 3368; x_wconf 87' lang='lat' dir='ltr'>praecedat</span> 
     </span>
     <span class='ocr_line' id='line_1_15' title="bbox 393 3385 2047 3475; baseline 0.001 -27"><span class='ocrx_word' id='word_1_94' title='bbox 393 3386 504 3449; x_wconf 93' lang='lat' dir='ltr'>similis</span> <span class='ocrx_word' id='word_1_95' title='bbox 527 3388 701 3453; x_wconf 81' lang='lat' dir='ltr'>laterculus</span> <span class='ocrx_word' id='word_1_96' title='bbox 725 3391 932 3475; x_wconf 88' lang='lat' dir='ltr'>compilatus,</span> <span class='ocrx_word' id='word_1_97' title='bbox 956 3396 991 3453; x_wconf 88' lang='lat' dir='ltr'>ut</span> <span class='ocrx_word' id='word_1_98' title='bbox 1013 3391 1083 3475; x_wconf 89' lang='lat' dir='ltr'>ipse</span> <span class='ocrx_word' id='word_1_99' title='bbox 1113 3390 1173 3471; x_wconf 86' lang='lat' dir='ltr'>ait,</span> <span class='ocrx_word' id='word_1_100' title='bbox 1196 3389 1369 3452; x_wconf 79' lang='lat' dir='ltr'>secuudum</span> <span class='ocrx_word' id='word_1_101' title='bbox 1392 3385 1580 3465; x_wconf 76' lang='lat' dir='ltr'><strong>Eusebium,</strong></span> <span class='ocrx_word' id='word_1_102' title='bbox 1603 3388 1677 3452; x_wconf 92' lang='lat' dir='ltr'><strong>huic</strong></span> <span class='ocrx_word' id='word_1_103' title='bbox 1701 3386 1788 3473; x_wconf 89' lang='lat' dir='ltr'>quod</span> <span class='ocrx_word' id='word_1_104' title='bbox 1811 3387 2047 3472; x_wconf 82' lang='lat' dir='ltr'><strong>praescribitur</strong></span> 
     </span>
     <span class='ocr_line' id='line_1_16' title="bbox 391 3490 2050 3578; baseline 0.002 -27"><span class='ocrx_word' id='word_1_105' title='bbox 391 3490 563 3554; x_wconf 74' lang='lat' dir='ltr'>seeundum</span> <span class='ocrx_word' id='word_1_106' title='bbox 586 3491 776 3559; x_wconf 76' lang='lat' dir='ltr'>Hebraiccm</span> <span class='ocrx_word' id='word_1_107' title='bbox 797 3495 974 3572; x_wconf 61' lang='lat' dir='ltr'>variatam,</span> <span class='ocrx_word' id='word_1_108' title='bbox 1005 3499 1041 3557; x_wconf 83' lang='lat' dir='ltr'>ut</span> <span class='ocrx_word' id='word_1_109' title='bbox 1068 3493 1127 3556; x_wconf 85' lang='lat' dir='ltr'>alii</span> <span class='ocrx_word' id='word_1_110' title='bbox 1149 3493 1274 3570; x_wconf 81' lang='lat' dir='ltr'>dicunt,</span> <span class='ocrx_word' id='word_1_111' title='bbox 1307 3492 1432 3557; x_wconf 87' lang='lat' dir='ltr'>Bedam</span> <span class='ocrx_word' id='word_1_112' title='bbox 1461 3491 1620 3578; x_wconf 84' lang='lat' dir='ltr'>indigitat.</span> <span class='ocrx_word' id='word_1_113' title='bbox 1670 3491 1703 3556; x_wconf 89' lang='lat' dir='ltr'><strong>id</strong></span> <span class='ocrx_word' id='word_1_114' title='bbox 1729 3493 1834 3578; x_wconf 88' lang='lat' dir='ltr'>ipsum</span> <span class='ocrx_word' id='word_1_115' title='bbox 1858 3492 2050 3556; x_wconf 89' lang='lat' dir='ltr'>confirmant</span> 
     </span>
     <span class='ocr_line' id='line_1_17' title="bbox 393 3594 2049 3681; baseline 0.002 -27"><span class='ocrx_word' id='word_1_116' title='bbox 393 3598 426 3655; x_wconf 89' lang='lat' dir='ltr'>et</span> <span class='ocrx_word' id='word_1_117' title='bbox 448 3594 512 3657; x_wconf 88' lang='lat' dir='ltr'>alia</span> <span class='ocrx_word' id='word_1_118' title='bbox 538 3594 657 3660; x_wconf 90' lang='lat' dir='ltr'><strong>indicia</strong></span> <span class='ocrx_word' id='word_1_119' title='bbox 685 3603 717 3661; x_wconf 91' lang='lat' dir='ltr'>et</span> <span class='ocrx_word' id='word_1_120' title='bbox 745 3619 901 3662; x_wconf 86' lang='lat' dir='ltr'>annorum</span> <span class='ocrx_word' id='word_1_121' title='bbox 928 3597 1038 3661; x_wconf 88' lang='lat' dir='ltr'>muudi</span> <span class='ocrx_word' id='word_1_122' title='bbox 1066 3598 1257 3661; x_wconf 89' lang='lat' dir='ltr'>numeratio.</span> <span class='ocrx_word' id='word_1_123' title='bbox 1309 3598 1431 3661; x_wconf 86' lang='lat' dir='ltr'>scilicet</span> <span class='ocrx_word' id='word_1_124' title='bbox 1459 3617 1594 3678; x_wconf 88' lang='lat' dir='ltr'>annum,</span> <span class='ocrx_word' id='word_1_125' title='bbox 1624 3617 1644 3660; x_wconf 90' lang='lat' dir='ltr'>a</span> <span class='ocrx_word' id='word_1_126' title='bbox 1673 3617 1736 3681; x_wconf 90' lang='lat' dir='ltr'>quo</span> <span class='ocrx_word' id='word_1_127' title='bbox 1766 3602 1860 3659; x_wconf 82' lang='lat' dir='ltr'>sexta</span> <span class='ocrx_word' id='word_1_128' title='bbox 1883 3602 1974 3660; x_wconf 88' lang='lat' dir='ltr'>actas</span> <span class='ocrx_word' id='word_1_129' title='bbox 1997 3596 2049 3658; x_wconf 93' lang='lat' dir='ltr'><strong>in-</strong></span> 
     </span>
     <span class='ocr_line' id='line_1_18' title="bbox 393 3697 2049 3786; baseline 0.002 -28"><span class='ocrx_word' id='word_1_130' title='bbox 393 3697 480 3781; x_wconf 79' lang='lat' dir='ltr'><strong>cipit,</strong></span> <span class='ocrx_word' id='word_1_131' title='bbox 502 3699 676 3763; x_wconf 81' lang='lat' dir='ltr'>nativitatis</span> <span class='ocrx_word' id='word_1_132' title='bbox 700 3700 818 3764; x_wconf 76' lang='lat' dir='ltr'><strong>Christi</strong></span> <span class='ocrx_word' id='word_1_133' title='bbox 842 3708 907 3765; x_wconf 89' lang='lat' dir='ltr'>tam</span> <span class='ocrx_word' id='word_1_134' title='bbox 931 3701 1024 3764; x_wconf 89' lang='lat' dir='ltr'>Beda</span> <span class='ocrx_word' id='word_1_135' title='bbox 1047 3723 1142 3786; x_wconf 90' lang='lat' dir='ltr'>quam</span> <span class='ocrx_word' id='word_1_136' title='bbox 1165 3701 1340 3765; x_wconf 85' lang='lat' dir='ltr'>laterculus</span> <span class='ocrx_word' id='word_1_137' title='bbox 1364 3723 1389 3765; x_wconf 93' lang='lat' dir='ltr'>c.</span> <span class='ocrx_word' id='word_1_138' title='bbox 1411 3704 1470 3764; x_wconf 88' lang='grc'>102</span> <span class='ocrx_word' id='word_1_139' title='bbox 1492 3707 1663 3765; x_wconf 88' lang='lat' dir='ltr'>numerant</span> <span class='ocrx_word' id='word_1_140' title='bbox 1679 3703 1772 3764; x_wconf 80' lang='lat'>3952.</span> <span class='ocrx_word' id='word_1_141' title='bbox 1819 3698 1936 3764; x_wconf 85' lang='lat' dir='ltr'>deinde</span> <span class='ocrx_word' id='word_1_142' title='bbox 1960 3699 2049 3764; x_wconf 90' lang='lat' dir='ltr'>Con-</span> 
     </span>
     <span class='ocr_line' id='line_1_19' title="bbox 394 3801 2048 3890; baseline 0.002 -29"><span class='ocrx_word' id='word_1_143' title='bbox 394 3801 524 3864; x_wconf 89' lang='lat' dir='ltr'>stantini</span> <span class='ocrx_word' id='word_1_144' title='bbox 551 3802 712 3889; x_wconf 86' lang='lat' dir='ltr'>Pogonati</span> <span class='ocrx_word' id='word_1_145' title='bbox 742 3812 906 3869; x_wconf 86' lang='lat' dir='ltr'>extremus</span> <span class='ocrx_word' id='word_1_146' title='bbox 937 3826 1009 3869; x_wconf 92' lang='lat' dir='ltr'>cum</span> <span class='ocrx_word' id='word_1_147' title='bbox 1040 3803 1151 3869; x_wconf 88' lang='lat' dir='ltr'>Bcdae</span> <span class='ocrx_word' id='word_1_148' title='bbox 1180 3806 1221 3869; x_wconf 93' lang='lat' dir='ltr'>sit</span> <span class='ocrx_word' id='word_1_149' title='bbox 1250 3808 1351 3886; x_wconf 55' lang='lat'><strong>46394</strong></span> <span class='ocrx_word' id='word_1_150' title='bbox 1378 3806 1411 3868; x_wconf 93' lang='lat' dir='ltr'><strong>in</strong></span> <span class='ocrx_word' id='word_1_151' title='bbox 1439 3805 1688 3890; x_wconf 81' lang='lat' dir='ltr'>imperatoribus</span> <span class='ocrx_word' id='word_1_152' title='bbox 1716 3805 1849 3889; x_wconf 85' lang='lat' dir='ltr'>singulis</span> <span class='ocrx_word' id='word_1_153' title='bbox 1872 3802 2048 3866; x_wconf 86' lang='lat' dir='ltr'>laterculus</span> 
     </span>
     <span class='ocr_line' id='line_1_20' title="bbox 393 3903 869 3974; baseline 0.008 -6"><span class='ocrx_word' id='word_1_154' title='bbox 393 3903 527 3971; x_wconf 88' lang='lat' dir='ltr'>sBeda</span> <span class='ocrx_word' id='word_1_155' title='bbox 549 3908 675 3973; x_wconf 87' lang='lat' dir='ltr'>recedit</span> <span class='ocrx_word' id='word_1_156' title='bbox 697 3909 729 3973; x_wconf 92' lang='lat' dir='ltr'><strong>in</strong></span> <span class='ocrx_word' id='word_1_157' title='bbox 752 3909 817 3974; x_wconf 90' lang='lat' dir='ltr'><strong>his:</strong></span> <span class='ocrx_word' id='word_1_158' title='bbox 868 3941 869 3944; x_wconf 36' lang='lat'>¹</span> 
     </span>
    </p>
   </div>
   <div class='ocr_carea' id='block_1_6' title="bbox 651 4027 1543 5653">
    <p class='ocr_par' dir='ltr' id='par_1_10' title="bbox 651 4027 1543 5653">
     <span class='ocr_line' id='line_1_21' title="bbox 1139 4027 1543 4100; baseline -0.002 -6"><span class='ocrx_word' id='word_1_159' title='bbox 1139 4029 1248 4094; x_wconf 81' lang='lat' dir='ltr'>Beda:</span> <span class='ocrx_word' id='word_1_160' title='bbox 1351 4027 1543 4100; x_wconf 77' lang='lat' dir='ltr'>laterculus:</span> 
     </span>
     <span class='ocr_line' id='line_1_22' title="bbox 651 4133 1461 4220; baseline -0.001 -23"><span class='ocrx_word' id='word_1_161' title='bbox 651 4134 872 4220; x_wconf 86' lang='lat' dir='ltr'>Vespasianus</span> <span class='ocrx_word' id='word_1_162' title='bbox 900 4183 1123 4200; x_wconf 88' lang='grc'><strong>.....</strong></span> <span class='ocrx_word' id='word_1_163' title='bbox 1174 4137 1210 4197; x_wconf 84' lang='grc'>10</span> <span class='ocrx_word' id='word_1_164' title='bbox 1234 4133 1284 4218; x_wconf 81' lang='grc'>(9)</span> <span class='ocrx_word' id='word_1_165' title='bbox 1441 4137 1461 4196; x_wconf 80' lang='grc'><strong>9</strong></span> 
     </span>
     <span class='ocr_line' id='line_1_23' title="bbox 651 4236 1461 4321; baseline -0.001 -21"><span class='ocrx_word' id='word_1_166' title='bbox 651 4236 808 4302; x_wconf 84' lang='lat' dir='ltr'>Traianus</span> <span class='ocrx_word' id='word_1_167' title='bbox 847 4285 1121 4304; x_wconf 92' lang='grc'><strong>......</strong></span> <span class='ocrx_word' id='word_1_168' title='bbox 1172 4240 1208 4299; x_wconf 85' lang='grc'>19</span> <span class='ocrx_word' id='word_1_169' title='bbox 1233 4237 1305 4321; x_wconf 82' lang='grc'>(14)</span> <span class='ocrx_word' id='word_1_170' title='bbox 1427 4243 1461 4301; x_wconf 82' lang='grc'>11</span> 
     </span>
     <span class='ocr_line' id='line_1_24' title="bbox 654 4339 1460 4426; baseline 0 -22"><span class='ocrx_word' id='word_1_171' title='bbox 654 4341 794 4406; x_wconf 84' lang='lat' dir='ltr'>Severus</span> <span class='ocrx_word' id='word_1_172' title='bbox 847 4389 1122 4405; x_wconf 92' lang='grc'><strong>......</strong></span> <span class='ocrx_word' id='word_1_173' title='bbox 1173 4344 1209 4403; x_wconf 85' lang='grc'>17</span> <span class='ocrx_word' id='word_1_174' title='bbox 1234 4339 1306 4426; x_wconf 82' lang='grc'>(18)</span> <span class='ocrx_word' id='word_1_175' title='bbox 1424 4344 1460 4404; x_wconf 91' lang='grc'>18</span> 
     </span>
     <span class='ocr_line' id='line_1_25' title="bbox 653 4444 1462 4510; baseline -0.002 -2"><span class='ocrx_word' id='word_1_176' title='bbox 653 4444 848 4510; x_wconf 88' lang='lat' dir='ltr'>Aurchanus</span> <span class='ocrx_word' id='word_1_177' title='bbox 902 4492 1123 4510; x_wconf 93' lang='grc'><strong>.....</strong></span> <span class='ocrx_word' id='word_1_178' title='bbox 1193 4449 1211 4508; x_wconf 82' lang='grc'>5</span> <span class='ocrx_word' id='word_1_179' title='bbox 1442 4447 1462 4506; x_wconf 84' lang='lat' dir='ltr'>li</span> 
     </span>
     <span class='ocr_line' id='line_1_26' title="bbox 656 4547 1463 4613; baseline -0.002 -2"><span class='ocrx_word' id='word_1_180' title='bbox 656 4547 781 4613; x_wconf 88' lang='lat' dir='ltr'>Probus</span> <span class='ocrx_word' id='word_1_181' title='bbox 805 4555 838 4612; x_wconf 88' lang='lat' dir='ltr'>ct</span> <span class='ocrx_word' id='word_1_182' title='bbox 861 4548 1017 4613; x_wconf 87' lang='lat' dir='ltr'>Tacitus.</span> <span class='ocrx_word' id='word_1_183' title='bbox 1064 4598 1071 4612; x_wconf 91' lang='lat'>.</span> <span class='ocrx_word' id='word_1_184' title='bbox 1117 4597 1125 4612; x_wconf 91' lang='lat'><strong>.</strong></span> <span class='ocrx_word' id='word_1_185' title='bbox 1193 4552 1210 4612; x_wconf 81' lang='lat'>7</span> <span class='ocrx_word' id='word_1_186' title='bbox 1444 4551 1463 4609; x_wconf 83' lang='lat'>5</span> 
     </span>
     <span class='ocr_line' id='line_1_27' title="bbox 654 4651 1461 4718; baseline -0.006 -1"><span class='ocrx_word' id='word_1_187' title='bbox 654 4651 881 4717; x_wconf 80' lang='lat' dir='ltr'>Constantinus</span> <span class='ocrx_word' id='word_1_188' title='bbox 905 4674 976 4718; x_wconf 88' lang='lat' dir='ltr'>curn</span> <span class='ocrx_word' id='word_1_189' title='bbox 1000 4652 1131 4717; x_wconf 83' lang='lat' dir='ltr'>Galerio</span> <span class='ocrx_word' id='word_1_190' title='bbox 1171 4656 1211 4716; x_wconf 87' lang='grc'>32</span> <span class='ocrx_word' id='word_1_191' title='bbox 1422 4653 1461 4713; x_wconf 93' lang='grc'>21</span> 
     </span>
     <span class='ocr_line' id='line_1_28' title="bbox 654 4754 1506 4821; baseline -0.005 -2"><span class='ocrx_word' id='word_1_192' title='bbox 654 4754 836 4820; x_wconf 87' lang='lat' dir='ltr'>Marcianus</span> <span class='ocrx_word' id='word_1_193' title='bbox 901 4806 1125 4821; x_wconf 91' lang='grc'><strong>.....</strong></span> <span class='ocrx_word' id='word_1_194' title='bbox 1194 4759 1211 4819; x_wconf 84' lang='grc'><strong>7</strong></span> <span class='ocrx_word' id='word_1_195' title='bbox 1444 4757 1463 4815; x_wconf 90' lang='grc'><strong>6</strong></span> <span class='ocrx_word' id='word_1_196' title='bbox 1504 4777 1506 4780; x_wconf 95' lang='grc'><strong><em>·</em></strong></span> 
     </span>
     <span class='ocr_line' id='line_1_29' title="bbox 654 4858 1463 4953; baseline -0.006 -29"><span class='ocrx_word' id='word_1_197' title='bbox 654 4859 844 4953; x_wconf 81' lang='lat' dir='ltr'>Anastasius</span> <span class='ocrx_word' id='word_1_198' title='bbox 906 4910 1126 4927; x_wconf 91' lang='grc'><strong>.....</strong></span> <span class='ocrx_word' id='word_1_199' title='bbox 1174 4862 1213 4923; x_wconf 90' lang='grc'>28</span> <span class='ocrx_word' id='word_1_200' title='bbox 1424 4858 1463 4919; x_wconf 81' lang='grc'>27</span> 
     </span>
     <span class='ocr_line' id='line_1_30' title="bbox 654 4963 1461 5031; baseline -0.005 -5"><span class='ocrx_word' id='word_1_201' title='bbox 654 4963 830 5029; x_wconf 90' lang='lat' dir='ltr'>IustinusI</span> <span class='ocrx_word' id='word_1_202' title='bbox 846 5013 1123 5031; x_wconf 87' lang='grc'><strong>......</strong></span> <span class='ocrx_word' id='word_1_203' title='bbox 1192 4967 1210 5028; x_wconf 89' lang='grc'>8</span> <span class='ocrx_word' id='word_1_204' title='bbox 1441 4963 1461 5022; x_wconf 80' lang='lat' dir='ltr'>n</span> 
     </span>
     <span class='ocr_line' id='line_1_31' title="bbox 654 5069 1465 5135; baseline -0.006 -3"><span class='ocrx_word' id='word_1_205' title='bbox 654 5069 848 5132; x_wconf 86' lang='lat' dir='ltr'>lastinianus</span> <span class='ocrx_word' id='word_1_206' title='bbox 871 5069 887 5132; x_wconf 93' lang='lat'>1</span> <span class='ocrx_word' id='word_1_207' title='bbox 903 5117 1125 5135; x_wconf 92' lang='grc'><strong>.....</strong></span> <span class='ocrx_word' id='word_1_208' title='bbox 1173 5072 1213 5132; x_wconf 88' lang='grc'>38</span> <span class='ocrx_word' id='word_1_209' title='bbox 1424 5069 1465 5128; x_wconf 76' lang='grc'>39</span> 
     </span>
     <span class='ocr_line' id='line_1_32' title="bbox 655 5171 1462 5238; baseline -0.004 -3"><span class='ocrx_word' id='word_1_210' title='bbox 655 5171 795 5238; x_wconf 91' lang='lat' dir='ltr'>Iustinus</span> <span class='ocrx_word' id='word_1_211' title='bbox 817 5172 851 5237; x_wconf 96' lang='lat' dir='ltr'>II</span> <span class='ocrx_word' id='word_1_212' title='bbox 904 5221 1127 5238; x_wconf 92' lang='grc'><strong>.....</strong></span> <span class='ocrx_word' id='word_1_213' title='bbox 1177 5175 1213 5234; x_wconf 89' lang='grc'>13</span> <span class='ocrx_word' id='word_1_214' title='bbox 1427 5173 1462 5232; x_wconf 94' lang='grc'>11</span> 
     </span>
     <span class='ocr_line' id='line_1_33' title="bbox 656 5276 1465 5342; baseline -0.007 -2"><span class='ocrx_word' id='word_1_215' title='bbox 656 5276 805 5342; x_wconf 79' lang='lat' dir='ltr'>Tiberius</span> <span class='ocrx_word' id='word_1_216' title='bbox 850 5325 1127 5341; x_wconf 93' lang='grc'><strong>......</strong></span> <span class='ocrx_word' id='word_1_217' title='bbox 1196 5279 1213 5338; x_wconf 84' lang='grc'>7</span> <span class='ocrx_word' id='word_1_218' title='bbox 1447 5277 1465 5334; x_wconf 83' lang='grc'>4</span> 
     </span>
     <span class='ocr_line' id='line_1_34' title="bbox 655 5379 1465 5446; baseline -0.009 -1"><span class='ocrx_word' id='word_1_219' title='bbox 655 5380 828 5446; x_wconf 86' lang='lat' dir='ltr'>Mauricius</span> <span class='ocrx_word' id='word_1_220' title='bbox 852 5427 1128 5445; x_wconf 93' lang='grc'><strong>......</strong></span> <span class='ocrx_word' id='word_1_221' title='bbox 1175 5381 1209 5440; x_wconf 94' lang='grc'>21</span> <span class='ocrx_word' id='word_1_222' title='bbox 1424 5379 1465 5438; x_wconf 82' lang='grc'>21)</span> 
     </span>
     <span class='ocr_line' id='line_1_35' title="bbox 655 5482 1466 5550; baseline -0.009 0"><span class='ocrx_word' id='word_1_223' title='bbox 655 5485 826 5550; x_wconf 89' lang='lat' dir='ltr'>Heraclius</span> <span class='ocrx_word' id='word_1_224' title='bbox 850 5504 923 5548; x_wconf 90' lang='lat' dir='ltr'>cum</span> <span class='ocrx_word' id='word_1_225' title='bbox 945 5482 1133 5548; x_wconf 88' lang='lat' dir='ltr'>Heraclona</span> <span class='ocrx_word' id='word_1_226' title='bbox 1175 5485 1215 5546; x_wconf 90' lang='grc'>28</span> <span class='ocrx_word' id='word_1_227' title='bbox 1426 5483 1466 5544; x_wconf 88' lang='grc'>30</span> 
     </span>
     <span class='ocr_line' id='line_1_36' title="bbox 656 5586 1466 5653; baseline -0.009 0"><span class='ocrx_word' id='word_1_228' title='bbox 656 5587 883 5653; x_wconf 83' lang='lat' dir='ltr'>Constantinus</span> <span class='ocrx_word' id='word_1_229' title='bbox 906 5588 927 5652; x_wconf 83' lang='lat' dir='ltr'>f.</span> <span class='ocrx_word' id='word_1_230' title='bbox 951 5587 1154 5652; x_wconf 77' lang='lat' dir='ltr'>Constantini</span> <span class='ocrx_word' id='word_1_231' title='bbox 1177 5590 1217 5651; x_wconf 85' lang='grc'>28</span> <span class='ocrx_word' id='word_1_232' title='bbox 1427 5586 1466 5646; x_wconf 85' lang='grc'>27</span> 
     </span>
    </p>
   </div>
   <div class='ocr_carea' id='block_1_7' title="bbox 0 0 2303 6308">
    <p class='ocr_par' dir='ltr' id='par_1_11' title="bbox 0 0 2303 6308">
     <span class='ocr_line' id='line_1_37' title="bbox 0 0 2303 6308; baseline 0 0"><span class='ocrx_word' id='word_1_233' title='bbox 0 0 2303 6308; x_wconf 95' lang='lat' dir='ltr'> </span> 
     </span>
    </p>
   </div>
  </div>
 </body>
</html>
