4554 6316
776 1569 1497 1690 ADDITAMEINTVM
1544 1568 1657 1688 IV.

498 1845 946 1942 CONTINVATIO
988 1842 1478 1941 CHRONICORVM
1518 1841 1944 1939 BEDANORVM

672 2001 1001 2098 MINORVM
1040 1999 1494 2098 CAROLINGIOA
1532 2002 1766 2095 PRIMA.

495 2213 654 2279 Chronica
677 2214 789 2278 brevia
811 2191 955 2279 finlantia
978 2214 1010 2277 in
1024 2211 1147 2277 Karolo
1171 2232 1289 2297 magno
1315 2217 1348 2275 et
1362 2210 1582 2276 Karlomanno
1600 2213 1810 2299 regnantibus
1833 2213 1935 2293 simul,
1959 2232 2045 2297 quac

390 2318 596 2405 reperiuntur
619 2320 788 2384 subiuncta
809 2321 910 2405 gestis
933 2319 1130 2383 Francorum
1153 2319 1186 2382 in
1210 2317 1373 2382 codicibus
1396 2317 1555 2382 Vaticano
1579 2319 1712 2404 reginae
1737 2340 1768 2384 n.
1787 2323 1849 2381 540
1873 2336 1957 2380 saec.
1976 2314 2046 2379 XII

391 2428 425 2486 et
448 2421 700 2488 Oarolcruhensi
723 2423 789 2488 As
818 2444 902 2488 saec.
918 2422 987 2487 XII
1009 2430 1042 2487 et
1064 2421 1310 2488 vindobonensi
1332 2442 1363 2488 n.
1387 2425 1470 2486 3334
1501 2442 1586 2487 saco.
1608 2421 1672 2486 XV
1702 2422 1755 2506 (cf.
1786 2420 1913 2486 Krusch
1935 2419 2044 2504 script.

390 2524 515 2592 Meros.
533 2531 552 2590 2
576 2548 608 2612 p.
627 2525 716 2612 223),
740 2526 828 2592 edita
849 2525 925 2591 Me.
949 2525 1006 2591 ss.
1026 2527 1074 2608 13,
1093 2528 1153 2590 724
1169 2526 1228 2591 sub
1245 2526 1336 2590 titulo
1353 2525 1522 2590 chronicon
1537 2525 1623 2590 breve
1642 2525 1899 2601 ribemontem,
1917 2521 2046 2587 codices

390 2629 424 2695 hi
448 2629 668 2695 chronicorum
691 2630 805 2696 Bedac
827 2632 986 2696 minorum

907 2734 1083 2798 Vaticanus
1106 2733 1274 2798 Palatinus
1298 2735 1360 2798 973
1384 2753 1470 2798 saco.
1487 2733 1589 2818 lxix.

905 2836 1167 2902 vindobonensis
1191 2840 1252 2901 557
1276 2857 1360 2901 saec.
1377 2835 1454 2901 XII.

909 2940 1129 3026 Sangallensis
1152 2944 1214 3005 250
1238 2961 1322 3007 saec.
1338 2939 1396 3005 IX.

907 3044 1127 3130 sangallensis
1151 3048 1209 3109 251
1237 3065 1320 3109 saec.
1336 3043 1397 3125 IX,
1421 3043 1514 3109 nobis
1530 3044 1573 3109 H.

910 3148 1130 3235 sangallensis
1154 3153 1215 3214 570
1238 3170 1323 3214 saec.
1340 3148 1399 3214 IX.

907 3253 1071 3319 ParisInus
1094 3257 1178 3319 4860
1202 3274 1286 3319 saec.
1303 3253 1345 3334 X,
1368 3253 1462 3318 nobis
1481 3252 1530 3317 Μ.

908 3357 1118 3422 Einsidlcnsis
1146 3361 1203 3423 167
1228 3379 1313 3423 saec.
1330 3356 1391 3440 IX,
1415 3358 1509 3422 nobis
1525 3357 1565 3421 E.

392 3460 438 3526 ita
462 3460 659 3525 substituunt
680 3459 823 3524 Bedanis
846 3462 1011 3538 extremis,
1033 3467 1069 3526 ut
1084 3461 1166 3526 haec
1189 3460 1338 3526 desinant
1360 3483 1384 3525 o.
1400 3464 1466 3525 287
1488 3461 1522 3524 in
1541 3460 1718 3525 Iustiniano
1735 3459 1778 3524 11.
1824 3459 2049 3523 continuantur

392 3570 503 3628 autem
525 3565 559 3628 in
575 3563 722 3628 Palatino
747 3570 780 3628 ct
796 3563 1042 3629 vindobonensi
1065 3563 1106 3628 ad
1129 3565 1254 3629 obitum
1269 3563 1382 3629 Karoli
1405 3565 1524 3650 magni,
1548 3565 1580 3628 in
1600 3563 1864 3649 sangallensibus
1881 3562 1982 3627 tribus
2004 3561 2048 3626 ad

391 3666 548 3733 Ludorici
579 3667 629 3733 Pii
656 3689 774 3732 annum
802 3673 930 3732 sextum
967 3667 1026 3753 (its
1062 3667 1149 3734 edita
1183 3675 1256 3733 sunt
1285 3669 1344 3734 sub
1377 3667 1493 3733 eodem
1523 3668 1615 3732 titulo
1639 3666 1714 3732 Ma.
1744 3666 1802 3731 ss
1830 3669 1877 3749 13,
1895 3669 1983 3749 260),
2014 3667 2048 3730 in

394 3772 542 3837 Parisino
567 3776 651 3838 4660
675 3779 709 3836 et
730 3772 840 3859 paullo
865 3773 959 3836 aliter
980 3773 1013 3836 in
1035 3771 1229 3837 Einsidlensi
1252 3773 1395 3852 ulterius,
1419 3777 1455 3835 ut
1477 3772 1561 3836 infra
1584 3771 1731 3836 eduntur.
1777 3771 1895 3834 formas
1919 3769 2047 3834 addita·

393 3877 495 3940 menti
524 3881 590 3939 tres
613 3875 807 3939 subiecimus
830 3875 958 3940 adiecta
980 3877 1057 3940 item
1082 3876 1311 3962 antiquissima,
1336 3877 1398 3940 etsi
1419 3875 1501 3940 haec
1525 3874 1567 3939 ad
1590 3874 1725 3941 Bedana
1745 3895 1809 3938 non
1832 3873 1980 3960 pertinet.

498 3979 610 4043 Annos
634 3978 812 4064 adscriptos
840 3978 882 4043 ad
911 3979 1038 4044 codices
1061 3978 1213 4044 Bedenos
1230 3978 1343 4042 ΕΗΜ
1367 3999 1463 4064 supra
1491 3978 1640 4044 dedimus
1669 4001 1700 4065 p.
1717 3980 1904 4058 326-333,
1933 3976 2047 4062 quibus

392 4083 427 4147 hi
456 4084 695 4148 contiuuantur:
724 4083 838 4147 finiunt
867 4081 995 4147 Badaui
1029 4081 1248 4168 Sangallensis
1276 4083 1309 4146 in
1337 4103 1366 4146 a.
1387 4084 1487 4165 4632,
1517 4081 1654 4147 Parisini
1683 4084 1717 4147 in
1744 4104 1773 4147 a.
1790 4085 1892 4162 4642,
1920 4079 2045 4146 Einsid-

393 4188 491 4253 lansis
514 4189 548 4252 in
570 4208 599 4251 a.
616 4189 712 4251 4639.
