4634 6286
389 395 447 457 106
912 389 1129 446 AVCTARIVM
1148 391 1196 446 111.
1233 389 1346 446 vlrnll
1365 389 1509 446 amona

384 571 493 628 turcas
518 564 644 649 vigilias
668 570 812 629 sanctum
834 564 1029 630 Michaelem
1052 565 1286 650 archangelum
1309 584 1418 630 secum
1440 563 1502 629 hac
1524 569 1620 628 noete
1642 561 1832 646 habuerint,
1864 560 1918 648 qui
1944 567 2040 626 ante-

385 690 482 757 quam
517 669 645 732 omnino
678 670 810 756 vigiliae
844 677 1052 752 sanarentur,
1083 670 1117 734 in
1150 670 1259 756 specie
1291 668 1499 756 pulcherrimi
1525 667 1656 731 infantis
1688 665 1765 730 mihi
1795 686 1867 731 curn
1895 665 2040 730 maximo

385 773 504 838 lumine
521 774 670 860 apparuit
691 780 724 838 et
747 775 817 860 quis
834 781 929 858 esset,
948 774 1039 839 dixit.
1085 778 1118 838 et
1141 773 1274 838 adiecit:
1297 794 1339 838 ne
1363 774 1489 854 timeas,
1511 771 1623 857 inquit,
1647 769 1705 835 sed
1720 790 1883 857 praepara
1898 775 1941 853 te,
1965 770 2041 856 quia

386 899 458 942 cum
479 879 551 942 lucc
567 877 661 942 huius
678 877 742 942 diei
757 878 798 943 dc
823 899 956 966 corpore
979 885 1034 954 tuo
1059 878 1165 942 exibis
1186 876 1229 942 ad
1247 878 1416 942 meliorem
1431 878 1541 942 vitam.
1579 896 1617 939 ac
1640 873 1757 939 deinde
1780 893 1840 960 per
1863 873 2040 938 fenestram

386 980 578 1046 orientalem
601 1003 674 1046 cum
697 1003 755 1048 suo
779 984 899 1049 lumine
923 983 1094 1049 ecclesiam
1116 983 1248 1047 intravit
1272 987 1305 1047 et
1329 979 1484 1067 quamdiu
1506 980 1636 1065 rigidae
1659 978 1919 1062 celebrabantur,
1941 997 2038 1064 prae·
2080 1006 2093 1046 ι

385 1085 506 1148 clarum
529 1083 609 1148 illud
631 1086 741 1150 lumen
764 1085 805 1150 ab
830 1087 969 1152 eeclesia
990 1107 1055 1151 non
1077 1087 1224 1152 recessit.
1268 1107 1354 1151 nunc
1377 1105 1468 1171 ergo,
1492 1084 1655 1149 carissime
1679 1082 1789 1163 frater,
1804 1081 1916 1146 nuntia
1932 1081 2039 1147 fratri-

385 1188 446 1253 bus
467 1189 602 1273 nostris,
626 1209 710 1274 quae
733 1189 793 1255 tibi
816 1190 883 1255 dixi
906 1197 940 1255 et
962 1190 1050 1277 quod
1072 1191 1193 1277 gratias
1217 1189 1343 1255 caritati
1366 1210 1478 1254 eorum
1500 1188 1626 1270 refero,
1651 1187 1726 1274 quia
1748 1186 1939 1273 obsequium
1961 1186 2042 1251 mihi

385 1311 444 1378 per
466 1297 570 1356 totum
598 1291 696 1356 istum
725 1312 844 1358 annum
868 1294 1093 1358 exhibuerunt.
1139 1294 1274 1360 obsecro
1298 1299 1425 1375 autem,
1455 1299 1492 1357 ιιι
1514 1292 1771 1357 communionem
1794 1296 1940 1355 sanctam
1962 1289 2042 1355 mihi

386 1395 515 1461 deferas
540 1402 637 1482 atque
661 1397 703 1462 ab
726 1397 807 1462 hora
829 1399 1015 1485 vespertina
1038 1398 1162 1463 obitam
1185 1419 1295 1463 meum
1319 1397 1482 1463 obsserve.
1527 1397 1625 1481 igitur
1646 1401 1721 1483 post
1743 1415 1897 1482 resperas
1913 1395 2043 1460 vocavit

387 1502 578 1565 servitorem
606 1521 699 1566 suum
728 1501 823 1587 eique
852 1501 946 1566 dixit:
981 1523 1062 1566 soca
1095 1502 1211 1567 fratres
1237 1523 1329 1566 meos
1357 1500 1492 1584 adme,
1515 1501 1678 1586 quiaiam
1707 1498 1748 1565 dc
1771 1499 1922 1565 haesita
1945 1519 2040 1567 exeo.
2068 1525 2094 1566 ιι

387 1605 474 1668 omni
502 1605 612 1690 itaque
643 1607 895 1691 congregatione
929 1607 972 1671 ad
1006 1627 1080 1672 eum
1111 1606 1292 1672 coadunata
1321 1606 1362 1671 de
1393 1607 1455 1671 hac
1477 1607 1544 1670 vita
1571 1604 1707 1688 eadem,
1736 1626 1800 1691 qua
1822 1603 2041 1691 praedixerat,

326 1710 367 1770 45
385 1708 467 1773 hora
489 1703 640 1794 migravit
671 1707 713 1774 ad
735 1709 900 1775 dominum
923 1717 1037 1797 quarto
1067 1710 1197 1777 kalend.
1222 1710 1383 1776 Octobris.
1427 1710 1488 1774 Vir
1516 1730 1644 1796 quoque
1674 1709 1760 1773 vitae
1789 1709 1986 1774 venerabilis
2008 1716 2042 1774 at

385 1813 544 1877 memoria
567 1811 682 1898 dignus
706 1813 830 1879 eisdem
855 1816 1056 1902 temporibus
1079 1817 1112 1880 in
1133 1817 1195 1881 hoc
1211 1837 1302 1880 sacro
1320 1815 1478 1881 coenobio
1493 1815 1619 1881 refulsit
1635 1814 1819 1880 Gulstcnus.
1865 1814 1918 1879 hic
1942 1814 2041 1880 etiam

385 1917 485 1981 laicus
514 1921 599 1999 erat,
632 1915 692 1981 sed
726 1919 868 2004 psalmos
905 1924 938 1983 et
970 1920 1149 2002 crationes,
1179 1939 1259 2007 quas
1289 1920 1478 1985 memoriter
1505 1918 1679 2000 didicerat,
1701 1923 1797 1982 nocte
1822 1917 1940 2005 dieque
1964 1923 2039 1982 ante

387 2021 484 2086 deum
508 2021 681 2086 decantare
704 2041 769 2087 non
792 2024 950 2106 cessabat,
973 2045 1098 2110 pernox
1122 2025 1155 2089 in
1177 2024 1306 2110 sigiliis,
1327 2025 1374 2088 ita
1395 2029 1432 2089 ut
1454 2025 1552 2089 stiam
1572 2023 1739 2110 decrepita
1756 2027 1864 2087 aetate
1886 2022 1943 2086 vix
1966 2043 2040 2086 eum
2069 2041 2093 2080 ιι

388 2125 522 2190 vidisses
553 2125 655 2190 tribus
686 2125 773 2190 horis
802 2132 927 2191 aestate
958 2134 1014 2191 aut
1042 2128 1151 2193 hieme
1180 2128 1214 2192 in
1240 2128 1325 2192 lecto
1348 2128 1466 2192 iacere.
1511 2127 1563 2192 hic
1586 2147 1663 2192 vero
1686 2127 1719 2191 in
1741 2125 1962 2191 adolescentia
1983 2147 2043 2193 sua

388 2250 407 2294 a
429 2229 572 2316 piraticis
594 2227 813 2314 praedonibus
837 2235 887 2295 est
909 2237 1078 2317 separatus
1101 2252 1161 2317 per
1184 2231 1338 2315 Felicem,
1363 2232 1416 2318 qui
1440 2252 1479 2297 eo
1503 2237 1651 2318 tempore
1672 2231 1706 2295 in
1722 2230 1806 2296 Ossa
1826 2231 1931 2296 insula
1945 2232 2041 2296 here-

387 2334 530 2399 miticam
554 2331 693 2397 necdum
722 2335 898 2399 monachus
931 2334 1071 2401 ducebat
1092 2336 1202 2400 vitam.
1247 2336 1351 2423 ipsam
1380 2355 1524 2423 quoque,
1554 2355 1650 2421 quam
1677 2355 1717 2400 eo
1748 2341 1895 2421 tempore
1925 2336 1967 2401 ab
2001 2356 2040 2402 eo

388 2436 561 2519 didicerat,
593 2457 723 2523 semper
753 2435 868 2503 dilexit
895 2459 997 2526 usque
1026 2438 1068 2503 ad
1090 2440 1187 2505 finem
1210 2439 1296 2505 vitae
1319 2459 1397 2504 suae
1422 2439 1539 2506 ducere
1562 2440 1678 2523 vitam,
1706 2459 1823 2526 parcus
1850 2440 1883 2504 in
1906 2439 1985 2505 cibis
2008 2446 2042 2506 et

386 2543 420 2606 in
450 2547 547 2627 potu,
576 2540 753 2627 invigiliis
783 2547 817 2607 et
847 2543 991 2609 oratione
1015 2544 1170 2609 assiduus.
1216 2544 1310 2609 huius
1336 2545 1446 2630 itaque
1469 2544 1529 2609 viri
1556 2545 1672 2609 merita
1700 2543 1850 2608 dominus
1874 2543 2039 2609 declarare
2069 2559 2094 2600 ιι

389 2644 539 2730 dignatus
570 2649 619 2709 est
647 2645 744 2710 etiam
773 2647 807 2710 in
833 2646 901 2711 vita
929 2669 1000 2712 sua:
1029 2669 1105 2713 nam
1133 2650 1231 2734 longe
1254 2649 1385 2735 lateque
1408 2647 1523 2713 laudes
1547 2654 1580 2713 et
1606 2649 1781 2735 praeconia
1808 2649 1908 2735 ipsius
1929 2649 1962 2714 in
1987 2669 2042 2714 ore

389 2749 532 2814 omnium
563 2749 788 2834 navigatorum
817 2751 911 2816 huius
938 2753 1079 2838 regionis
1110 2752 1317 2818 resonabant.
1365 2752 1520 2840 plurimas
1547 2771 1686 2838 namque
1714 2773 1774 2838 per
1797 2771 1871 2817 eum
1895 2752 2043 2818 dominus

389 2852 583 2938 dignabatur
613 2855 742 2941 operari
763 2854 899 2920 virtutes
929 2860 962 2920 at
983 2856 1154 2939 miracula,
1178 2857 1224 2921 ita
1246 2862 1282 2921 nt
1305 2877 1455 2922 enarrare
1479 2858 1531 2922 vel
1555 2856 1758 2921 dinumerare
1787 2875 1827 2920 oa
1848 2857 1905 2920 vix
1927 2857 2043 2944 aliquis

388 2963 508 3045 posset.
555 2956 725 3024 defunctus
756 2965 864 3024 autem
895 2967 945 3024 est
973 2960 1083 3046 quinto
1114 2960 1244 3026 kalend.
1275 2959 1467 3026 Decembris
1499 2960 1586 3048 apud
1616 2959 1858 3026 Bellumridere
1890 2967 2041 3046 castrum,

387 3061 445 3127 ubi
471 3082 530 3149 pro
563 3062 701 3127 utilitate
728 3063 914 3128 monasterii
943 3065 993 3128 sui
1019 3071 1169 3148 venerat,
1192 3065 1225 3129 in
1254 3064 1350 3130 domo
1373 3064 1605 3129 monachorum
1628 3065 1730 3130 sancti
1751 3065 1841 3130 Petri
1864 3065 2041 3131 Maliacen·
2068 3087 2094 3130 ss

389 3169 480 3232 sium.
525 3165 585 3232 sed
608 3166 664 3232 ubi
685 3187 766 3232 vocs
788 3169 960 3254 praeconis
975 3169 1037 3233 fuit
1051 3168 1207 3251 auditum,
1224 3168 1311 3256 quod
1325 3169 1442 3234 beatus
1458 3168 1634 3234 Gulstanus
1655 3168 1696 3234 de
1711 3169 1855 3235 haesita
1870 3170 2043 3256 migrasset

389 3271 512 3356 (media
535 3271 620 3337 enim
641 3276 737 3337 nocte
761 3272 960 3357 transierat),
991 3273 1139 3338 confinuo
1169 3273 1210 3338 de
1241 3274 1368 3339 lectulis
1390 3271 1585 3339 dissilientes
1608 3273 1667 3338 viri
1693 3274 1820 3339 nobiles
1848 3273 1942 3338 simul
1970 3294 2042 3338 cnm

388 3376 543 3442 matronis
571 3380 605 3440 et
635 3375 755 3440 cunctis
786 3376 841 3461 qui
871 3375 1048 3441 audiebant
1071 3378 1218 3442 certatim
1241 3377 1438 3442 festinabant
1464 3378 1511 3442 irc
1543 3397 1614 3442 cum
1644 3378 1747 3442 cereis
1771 3383 1804 3442 et
1827 3376 2041 3465 lampadibus,

388 3487 424 3546 ut
456 3480 647 3566 obsequium
677 3480 799 3544 ferrent
828 3481 896 3544 viro
928 3479 998 3563 dei,
1028 3481 1074 3545 ita
1103 3487 1140 3545 ut
1161 3481 1216 3546 vix
1239 3488 1351 3567 posset
1372 3482 1443 3568 ipsa
1467 3480 1581 3546 domus
1605 3482 1769 3546 continere
1792 3481 2041 3547 multitudinem.

389 3584 538 3652 sidentes
560 3585 670 3671 itaque
694 3584 844 3649 monachi
866 3585 968 3649 sancti
990 3584 1162 3650 Philiberti
1184 3586 1286 3650 multa
1309 3590 1509 3669 ornamenta,
1531 3585 1703 3672 pecuniam
1726 3606 1854 3672 quoque
1878 3587 2043 3673 copiosam
2069 3603 2095 3645 ιο

390 3696 425 3754 ιι
446 3709 615 3756 cereorum
638 3688 800 3755 diversam
822 3689 1063 3755 multitudinem
1086 3690 1170 3755 circa
1193 3711 1309 3776 corpus
1324 3691 1384 3756 viri
1407 3691 1460 3755 dci
1480 3691 1663 3776 aggregari,
1686 3697 1917 3778 persuaserunt
1939 3691 2041 3756 omni-

389 3795 450 3860 bus
473 3794 527 3880 qui
552 3799 780 3876 convenerant,
804 3798 841 3858 ιιι
863 3793 905 3858 ad
929 3794 1099 3859 ecelesiam
1116 3814 1208 3858 suam
1224 3801 1369 3860 sanctum
1386 3815 1503 3880 corpus
1519 3793 1693 3859 deferrent.
1739 3793 1798 3859 sed
1819 3795 2042 3860 resistentibus

389 3898 571 3981 monachis,
598 3898 633 3962 in
656 3918 791 3984 quorum
812 3896 954 3984 hospitio
978 3897 1147 3963 defunctus
1170 3896 1292 3983 luerat,
1323 3899 1450 3964 famulis
1480 3899 1577 3963 etiam
1606 3895 1913 3983 contradicentibus,
1936 3918 1978 3963 nc
2001 3897 2043 3962 ab

389 4003 445 4070 illa
473 4002 569 4067 domo
597 4008 798 4084 moreretur,
827 4001 931 4067 donec
958 4002 1037 4067 illud
1060 4009 1192 4088 possent
1214 4002 1257 4067 ad
1280 4024 1371 4068 suurn
1393 4001 1551 4068 reducere
1574 4002 1821 4084 monasterium,
1852 4003 1899 4068 illi
1922 4024 1941 4068 c
1965 4023 2041 4067 con·

389 4107 488 4173 trcrio
521 4106 682 4172 concitata
708 4105 913 4171 multitudiue
945 4107 1109 4191 rapientes
1137 4107 1226 4170 illum
1257 4105 1298 4171 de
1327 4106 1424 4171 domo
1451 4107 1507 4171 illa
1534 4127 1607 4172 cum
1637 4108 1724 4171 omni
1746 4112 1905 4194 apparatu
1927 4125 1985 4172 suo
2009 4113 2044 4172 et
2069 4129 2095 4170 ιι

390 4212 564 4278 luminibus
587 4210 629 4275 ad
653 4210 823 4275 ecclesiam
847 4230 938 4274 suam
961 4209 1214 4297 deportaverunt
1237 4217 1270 4276 et
1292 4211 1484 4276 immensam
1500 4230 1584 4298 quae
1602 4211 1801 4276 offerebatur
1822 4231 1882 4297 per
1903 4211 2045 4276 biduum

390 4316 562 4404 pecuniam
590 4314 781 4400 colligentes
809 4320 883 4400 post
912 4315 1042 4379 tertium
1068 4314 1155 4381 diem
1178 4315 1376 4402 sepelierunt
1399 4335 1482 4379 eum.
1525 4314 1625 4400 igitur
1655 4335 1727 4379 cum
1749 4312 1792 4379 ad
1814 4315 2045 4380 monasterium

391 4422 460 4486 eius
487 4420 571 4484 'haec
593 4419 740 4483 nuntiata
762 4417 913 4500 fuissent,
936 4417 1054 4483 Vitalis
1077 4419 1179 4484 abbas
1200 4419 1276 4490 illuc
1302 4419 1448 4506 perrexit
1476 4423 1509 4483 et
1537 4424 1573 4482 ut
1599 4437 1715 4505 corpus
1741 4419 1891 4484 monachi
1913 4419 1963 4484 sui
1985 4419 2047 4486 sibi

391 4522 598 4606 redderetur,
631 4522 796 4587 humiliter
828 4521 965 4607 rogarit.
1017 4521 1075 4587 sed
1104 4523 1248 4588 illi'snon
1282 4523 1384 4588 sancti
1409 4521 1470 4588 viri
1497 4521 1684 4606 dilectione,
1713 4521 1771 4588 sed
1797 4524 1904 4609 potins
1933 4543 2044 4589 amore

390 4628 611 4718 pecuniarum,
634 4646 717 4713 quae
741 4625 884 4712 quotidie
908 4626 951 4691 ad
975 4627 1044 4692 eius
1066 4627 1208 4714 undique
1232 4627 1464 4693 deferebantur
1478 4628 1672 4712 sepulcrum,
1694 4626 1817 4691 nullum
1832 4625 2043 4692 reddiderunt
2070 4649 2098 4689 ιι

389 4751 592 4820 responsum.
648 4731 703 4796 ille
736 4729 779 4794 ad
810 4731 997 4818 episcopum
1025 4730 1253 4796 Pietavensem
1285 4730 1511 4797 Isembardum
1542 4731 1637 4814 abiit,
1668 4731 1842 4796 clamorem
1872 4731 1980 4796 ferens
2003 4730 2045 4797 de

389 4838 505 4904 iniuria
535 4836 635 4902 ablati
664 4836 725 4901 sibi
755 4837 898 4922 corporis
926 4835 1077 4901 monachi
1108 4837 1166 4901 sui.
1218 4836 1389 4922 episcopus
1417 4835 1492 4920 quia
1520 4833 1745 4900 inobedientes
1772 4836 1957 4923 praeceptis
1980 4837 2045 4901 suis

391 4941 626 5031 ipsimonachi
647 4940 786 5024 fuerant,
808 4941 977 5027 praecepit
1000 4961 1151 5005 eoscum
1175 4961 1232 5005 suo
1256 4939 1377 5005 abbate
1400 4939 1443 5004 ad
1466 4940 1624 5026 synodum
1641 4960 1731 5004 suam
1748 4940 1867 5023 venire,
1892 4940 2045 5006 abbatem

392 5049 491 5114 etiam
513 5045 657 5111 Vitclam
690 5045 859 5132 praecepit
892 5043 1019 5110 adesse.
1075 5065 1147 5110 curn
1182 5065 1261 5130 ergo
1296 5044 1461 5109 venissent
1494 5051 1529 5109 et
1553 5044 1587 5109 in
1618 5044 1740 5131 synodo
1775 5045 1902 5132 utrique
1933 5065 2045 5111 comm

391 5171 523 5216 causam
547 5149 715 5231 dixissent,
739 5151 910 5237 episcopus
932 5149 1100 5237 praecepit
1122 5148 1295 5214 abbatibus
1323 5154 1421 5234 atque
1450 5149 1611 5213 canonicis
1638 5148 1800 5214 nobilibus
1823 5149 1877 5235 qui
1899 5147 2044 5234 aderant,
2072 5167 2097 5208 ιι

391 5260 427 5319 ut
450 5303 586 5320 .....

495 5427 529 5483 36
547 5447 622 5483 snam
641 5447 689 5482 om.
706 5429 738 5480 M

1014 5499 1425 5509 ...-.---———-—---—-—
