4552 6308
375 345 437 408 428
909 342 955 397 lv,
974 341 1214 398 LATERCVLVS
1233 339 1502 396 IMPERATORVM

375 515 453 597 qma
486 516 580 580 etiam
615 516 700 598 mapi
729 515 845 598 capuiti
875 516 1100 598 compraeheuei
1128 521 1205 581 auat
1235 522 1264 581 et
1295 514 1471 581 introducti
1497 518 1573 579 suut
1599 512 1644 578 od
1665 511 1824 576 'Herodem
1852 531 1968 591 repam,
1998 513 2030 573 et

376 620 580 701 interrogauit
601 640 660 697 eos,
691 626 883 701 quopropter
905 621 941 684 iu
964 621 1120 686 Iudaeam
1141 621 1296 702 ropiouem
1318 620 1503 684 advenerint
1525 616 1745 698 eeploratores.
1783 621 1813 680 et
1832 618 2030 697 umpumtes

374 723 460 804 mapi
489 721 680 787 miraculum
707 723 814 788 stellae
841 729 872 788 et
899 725 977 804 quia
1003 745 1138 807 maguus
1165 745 1222 789 rea
1249 729 1347 789 matris
1378 727 1424 788 est
1452 723 1487 786 iu
1514 719 1570 786 hoc
1597 721 1715 786 muudo
1741 724 1771 783 et
1792 719 1870 800 quia
1892 719 1976 782 dorm
1999 718 2030 782 ci

374 848 446 892 eum
478 826 686 905 maudiut,
720 827 921 893 edocuissent
946 829 1030 892 siout
1062 830 1129 910 rapi
1156 849 1268 910 mapuo
1295 847 1430 893 muuera
1457 825 1611 905 offerturi,
1642 823 1793 888 dixerunt
1821 823 1908 909 qnia:
1945 842 2029 902 meac

374 929 560 1011 optulimus,
582 950 717 994 muuera
738 935 776 994 ut
798 932 853 996 deo
869 932 1065 1013 proferimus
1073 953 1083 1010 ,·
1104 933 1242 997 uidimus
1264 933 1347 996 euim
1368 929 1490 995 sutum
1511 931 1580 994 eius
1601 930 1637 993 ia
1659 927 2025 1004 chaumesiacum,
2069 945 2081 983 s

374 1039 411 1098 ut
432 1056 503 1099 eum
525 1034 700 1099 adoremus.
745 1033 886 1100 Herodes
907 1041 1013 1101 autem
1036 1037 1172 1101 audiam
1193 1036 1270 1100 haee
1291 1041 1422 1117 stupens
1443 1033 1606 1110 reurausit,
1629 1031 1771 1113 cogitans
1785 1032 1935 1114 quomdam
1953 1034 2029 1112 post

374 1138 556 1220 Augustum
583 1136 750 1203 Caesarem
771 1139 878 1220 quatis
899 1145 944 1205 est
966 1141 1070 1204 uirtus
1090 1141 1147 1222 qui
1169 1145 1268 1204 matres
1290 1140 1441 1222 astragis
1463 1137 1584 1203 huius?

478 1261 508 1325 6.
539 1257 698 1324 Vemeruut
720 1281 789 1343 erpo
812 1262 897 1343 mapi
920 1262 956 1325 iu
971 1260 1203 1345 Hierosolymis
1224 1263 1283 1326 suh
1306 1259 1471 1326 consolatu
1492 1258 1633 1323 Viudicii
1654 1263 1685 1322 ct
1707 1256 1799 1322 Varii
1822 1259 1885 1320 anis
1900 1255 2028 1340 imperii

375 1360 515 1447 Augusti
539 1362 688 1428 Caesaris
710 1365 850 1447 XLIIH,
882 1367 956 1451 quia
979 1364 1120 1430 secundo
1145 1373 1178 1430 et
1201 1365 1262 1430 XL
1286 1371 1349 1430 εἴη
1379 1364 1524 1429 eiusdem
1547 1362 1687 1447 Augusti
1710 1361 1858 1426 Caesaris
1886 1359 2030 1424 salvator

374 1473 468 1530 natus
491 1473 542 1530 est
564 1475 597 1531 et
619 1469 651 1532 in
673 1468 708 1533 H
731 1474 794 1533 ann
816 1471 992 1534 nativitatis
1016 1471 1084 1534 eius
1108 1471 1196 1556 magi
1218 1475 1377 1534 venerunt
1405 1470 1437 1534 in
1460 1467 1698 1552 Hierosolyma.
1736 1463 1905 1545 aequisivit
1926 1461 2029 1543 ipitur
2059 1479 2085 1516 u·

373 1569 413 1634 oo
442 1571 488 1634 eis
510 1570 651 1636 Herodes
679 1577 801 1653 tempus
822 1574 937 1638 sideris
963 1580 993 1638 ct
1022 1595 1094 1639 cum
1118 1575 1287 1658 didicissit‚
1317 1574 1401 1638 dieit
1423 1573 1469 1638 eis
1495 1572 1591 1653 quia:
1622 1572 1667 1635 ite
1691 1576 1724 1634 et
1747 1566 1930 1632 scrutamini
1954 1564 2026 1630 dili-

374 1680 491 1759 genter
520 1674 560 1740 de
590 1697 726 1762 puerum
756 1677 840 1742 hune
871 1682 900 1742 et
928 1699 1000 1742 oum
1028 1680 1228 1757 iuoeueretis‚'
1258 1678 1413 1743 redientes
1440 1676 1621 1741 renuntiate
1642 1672 1735 1750 mihi,
1769 1676 1806 1735 ut
1827 1691 1879 1754 epo
1900 1669 2029 1734 venicus

375 1778 502 1844 adorem
531 1801 610 1844 eum.
655 1785 684 1844 et
706 1781 854 1846 abierunt
877 1783 962 1864 mopi
986 1782 1076 1847 steila
1099 1804 1182 1869 quae
1211 1783 1377 1869 paululum
1400 1781 1441 1846 ab
1466 1781 1512 1844 eis
1535 1779 1737 1844 abscesserat
1754 1776 1889 1858 prebeas
1909 1775 2028 1838 iterum

374 1881 440 1946 iltis
469 1883 550 1948 sicut
578 1885 666 1970 prius
696 1885 863 1963 ducatum,
893 1907 990 1967 quam
1021 1887 1057 1950 iu
1086 1887 1235 1952 orieutem
1256 1887 1410 1951 videraut.
1456 1889 1484 1948 et
1506 1885 1694 1947 iuoeueruut
1716 1881 1822 1946 Iesum
1845 1884 1874 1943 ct
1895 1882 2029 1942 matrem

374 1986 443 2050 eius
464 1986 601 2051 Mariam
629 1990 663 2052 in
690 1988 787 2053 domo
810 1995 840 2054 et
861 1991 1004 2054 cadeates
1026 1991 1062 2055 iu
1086 1992 1267 2072 pavimento
1290 1995 1393 2054 terrae
1414 1989 1629 2053 adorauerunt
1651 1985 1839 2050 salvatorem
1865 1983 2027 2048 Christum
2058 2007 2083 2044 rs

375 2096 404 2156 et
426 2090 607 2172 optulerunt
630 2093 659 2156 ei
680 2113 815 2158 munero
843 2114 925 2175 quae
947 2094 1126 2159 detuhercmt
1148 2115 1257 2160 seeum
1280 2095 1312 2159 in
1335 2095 1398 2158 suis
1427 2091 1608 2158 thensauris
1631 2095 1794 2170 tamquam
1816 2088 1871 2152 deo
1895 2086 2029 2172 stragi,

223 2214 498 2278 uat.p.m1.aurum‚
524 2195 599 2260 thus
622 2202 656 2259 et
677 2218 792 2282 myrra.
832 2203 861 2260 et
882 2219 1028 2278 responso
1050 2203 1174 2279 eccepto
1197 2198 1238 2263 ab
1262 2199 1379 2283 angelo
1401 2195 1611 2283 persomme,
1627 2214 1689 2274 per
1703 2192 1802 2257 aliam
1817 2192 1902 2255 aiam
1916 2189 2031 2254 limitis

374 2301 507 2381 repressi
538 2305 615 2364 suut
647 2301 679 2364 in
712 2322 802 2366 suam
837 2303 1004 2388 regionem
1035 2303 1070 2366 im
1096 2303 1249 2383 partibus
1278 2302 1453 2367 Persarum
1481 2303 1707 2365 coutemueutes
1735 2295 1891 2360 Herodem
1918 2315 2029 2376 repara.

374 2425 505 2486 cumque
532 2425 565 2468 se
593 2403 735 2469 iulusum
758 2405 887 2469 uidisset
909 2428 930 2470 a
952 2408 1053 2489 erupis
1075 2405 1216 2471 Herodes
1237 2429 1307 2484 rea,
1338 2407 1443 2470 iratus
1465 2409 1510 2468 est
1532 2403 1731 2479 vehementer,
1753 2406 1782 2464 et
1804 2400 1985 2464 sciscitatus
2008 2419 2031 2461 a

371 2509 572 2589 principibus
593 2508 790 2572 sacerdotum
806 2509 1008 2586 ludaeorum,
1031 2511 1086 2574 ubi
1105 2509 1256 2576 Christus
1278 2515 1472 2586 nasceretur,
1496 2508 1609 2572 didicit
1632 2507 1673 2572 ab
1698 2507 1744 2570 eis
1767 2504 1905 2591 quadiu
1925 2502 2030 2566 Beth·
2059 2525 2087 2563 eo

373 2615 460 2678 leem
483 2611 605 2677 Iudeae
629 2613 793 2677 civitatem
816 2612 924 2676 David
947 2620 1134 2678 nasceretur
1163 2614 1338 2680 seeundum
1371 2613 1458 2700 quod
1487 2613 1647 2700 prophete
1674 2610 1829 2697 predixit,
1852 2613 1881 2672 et
1903 2607 2033 2671 mittens

373 2736 505 2780 mauum
527 2714 698 2779 militarem
721 2716 833 2780 occidit
855 2737 959 2780 omues
976 2738 1096 2797 pueros
1118 2718 1154 2781 iu
1176 2717 1335 2782 Bethleem
1358 2719 1516 2781 ciuitatem
1541 2716 1644 2782 Iudae
1668 2721 1701 2780 et
1723 2715 1807 2779 circa
1829 2711 1945 2777 finibus
1961 2711 2033 2774 cius

374 2840 394 2884 a
423 2818 549 2883 bimatu
578 2825 611 2883 et
640 2819 723 2883 infra
754 2819 930 2885 secundum
961 2828 1089 2906 tempus
1122 2821 1209 2908 quod
1238 2823 1445 2908 exquesierat
1476 2843 1495 2885 a
1525 2821 1645 2905 magis,
1673 2819 1757 2883 sicut
1783 2818 1893 2881 diviua
1915 2813 2035 2896 inquid

373 2924 545 3004 seruetura.
590 2927 619 2987 ct
642 2924 790 2989 coutiuuo
806 2923 948 2988 Herodes
971 2923 1046 2989 dum
1070 2927 1261 3012 perfecisset
1286 2927 1401 3008 scelus,
1424 2930 1547 2989 scateus
1568 2923 1723 2988 omnam
1744 2942 1766 2985 a
1784 2921 1840 2985 deo
1856 2941 2034 3002 percussus

373 3027 516 3090 amimam
538 3026 686 3091 reddidit.
2059 3041 2086 3081 ²⁵

478 3150 507 3211 7.
531 3147 577 3211 Et
598 3147 708 3227 factus
730 3153 775 3212 est
797 3149 950 3229 tmrorcha
972 3150 1007 3212 iu
1032 3151 1234 3215 terraacohia
1248 3151 1442 3216 Iudaeorum
1463 3151 1527 3215 siue
1548 3171 1605 3214 ree
1620 3147 1797 3213 Archadius
1818 3145 1908 3226 lilius
1927 3145 2033 3225 ipsius

373 3249 512 3315 Herodis
526 3273 588 3333 per
610 3259 678 3316 arr-rc
701 3251 812 3316 VIIII
828 3253 887 3316 sub
910 3253 1072 3318 consolatu
1088 3255 1199 3318 Laruii
1220 3260 1250 3318 et
1272 3254 1455 3320 Seruiliam.
1492 3255 1551 3320 sub
1576 3275 1638 3340 quo
1663 3259 1697 3317 et
1719 3253 1860 3316 salvator
1882 3257 1916 3314 et
1936 3249 2031 3334 virgo

374 3362 478 3420 mater
501 3357 569 3420 eius
585 3355 688 3420 Maria
713 3378 785 3421 eum
802 3356 922 3443 Ioseph
944 3358 1066 3422 introiit
1088 3359 1120 3422 in
1137 3358 1325 3445 Aegyptum
1351 3358 1527 3424 secundum
1547 3359 1718 3444 imperinm
1735 3355 1788 3421 dei
1803 3377 1862 3441 per
1877 3354 2032 3440 angelum

248 3481 290 3526 ιω.
303 3485 334 3532 o,
346 3487 362 3525 1.
376 3461 546 3547 apparenti
567 3459 701 3548 Ioseph,
731 3462 812 3525 siout
835 3462 988 3548 seriptum
1012 3469 1074 3525 est:
1099 3465 1185 3527 ‘ecce
1211 3463 1359 3528 dominus
1383 3463 1476 3528 sedet
1499 3483 1596 3548 super
1623 3462 1744 3527 nubem
1767 3461 1888 3534 levem;
1919 3443 2031 3523 veniet

375 3564 407 3628 in
430 3563 618 3650 Aegyptum
642 3571 675 3628 et
701 3566 896 3629 comminuet
925 3567 1032 3631 omnis
1056 3567 1226 3632 simulacra
1250 3574 1283 3632 et
1305 3569 1465 3654 sculptilia
1486 3562 1744 3653 Aegyptiorum’.
1789 3563 1831 3627 ad
1853 3562 2030 3628 adventum
2058 3589 2087 3628 so

376 3669 461 3732 enim
485 3668 652 3733 salvatoris
675 3669 817 3734 sedentis
840 3692 937 3756 super
958 3671 1116 3754 gremium
1139 3672 1269 3758 virginis
1292 3673 1411 3754 matris,
1439 3672 1514 3736 dum
1537 3670 1783 3757 ingrederentur
1810 3669 1844 3732 in
1865 3667 2031 3753 Aegypto,

377 3779 447 3838 erat
467 3773 532 3837 illic
555 3775 710 3860 templum
732 3774 901 3856 idolorum,
925 3775 979 3860 qui
994 3777 1025 3839 in
1049 3777 1212 3863 presentia
1228 3774 1346 3841 Christi
1362 3776 1469 3841 omnia
1491 3777 1661 3841 simulacra
1684 3772 1724 3836 de
1747 3774 1812 3839 suis
1827 3773 1905 3838 loeis
1920 3772 2030 3858 adque

158 3869 366 3976 Ellfflssfglflj
377 3877 491 3943 sedilia
519 3878 688 3942 exilientes
712 3880 875 3943 confracta
904 3885 993 3961 sunt,
1021 3880 1055 3942 in
1082 3882 1251 3965 pulverem
1276 3888 1349 3945 sunt
1372 3880 1519 3958 redacta,
1548 3879 1635 3966 quod
1659 3886 1692 3943 et
1714 3880 1829 3944 beatus
1851 3877 2031 3964 Epyfanius

378 3981 514 4069 Cyprius
538 3983 709 4068 episcopus
732 3991 961 4047 conmemorat.
1007 3990 1041 4047 et
1064 4005 1134 4049 eum
1160 3986 1191 4049 ei
1214 3986 1339 4071 expleti
1362 3992 1471 4050 essent
1485 3984 1554 4050 IIII
1578 3985 1652 4048 anni
1671 3984 1704 4048 in
1726 3981 1889 4070 Aegypto,
1912 3983 2030 4046 iterum

377 4087 512 4172 angelus
544 4107 703 4172 apparens
731 4086 773 4150 ad
795 4087 915 4174 Ioseph
945 4088 1050 4166 iubet,
1083 4095 1118 4152 ut
1147 4089 1349 4175 regrediatur
1377 4091 1410 4153 in
1432 4089 1567 4154 Iudeam
1598 4095 1716 4152 terrem
1737 4108 1809 4152 eum
1836 4106 1972 4173 puerum
1997 4091 2032 4149 et
2059 4107 2086 4146 ss

377 4197 514 4255 matrem
538 4191 616 4255 eius.
664 4198 697 4255 et
725 4199 858 4278 propter
880 4198 1003 4257 metum
1026 4193 1179 4258 Archelai
1202 4194 1258 4259 filii
1280 4193 1422 4260 Herodis
1444 4194 1603 4258 habitavit
1624 4194 1656 4257 in
1681 4190 1843 4256 Nazareth
1867 4191 2031 4255 civitatem

377 4294 524 4359 Galileee
564 4296 655 4380 quasi
693 4295 889 4361 subocculte.
947 4297 1054 4361 omnia
1089 4304 1198 4362 autem
1229 4298 1406 4364 secundum
1442 4298 1527 4385 quod
1559 4303 1633 4363 ante
1669 4297 1774 4361 fuerat
1800 4295 1980 4382 predictum
2012 4316 2032 4357 a

377 4398 544 4485 prophetis
567 4399 700 4480 sanetis,
724 4399 807 4464 sieut
830 4405 863 4464 et
885 4401 918 4464 in
941 4403 1145 4486 euangelium
1170 4403 1354 4468 testimonia
1376 4403 1583 4489 proferuntur
1605 4400 1646 4465 de
1669 4400 1866 4487 propheticis
1887 4398 1986 4463 libris.

481 4523 510 4585 8.
535 4519 617 4583 Cum
639 4520 703 4584 iam
727 4526 836 4585 autem
860 4521 972 4586 fuisset
994 4543 1075 4608 puer
1090 4523 1183 4588 Iesus
1206 4545 1361 4588 annorum
1376 4522 1454 4605 XII,
1479 4521 1693 4587 ascenderunt
1708 4521 1829 4608 Ioseph
1846 4527 1879 4586 et
1892 4519 2029 4584 Mariam

377 4646 449 4690 enm
472 4645 608 4711 puerum
631 4623 739 4716 Iesum
762 4626 795 4689 in
818 4625 973 4712 templum
998 4626 1119 4691 domini
1147 4629 1180 4691 in
1202 4627 1419 4708 Hierusalem,
1442 4633 1479 4690 ut
1497 4625 1603 4691 Lucas
1627 4625 1829 4711 euangelista
1850 4630 1973 4699 narrat;
1997 4628 2031 4688 et
2058 4643 2086 4681 ⁴0

378 4727 495 4794 dehine
517 4749 582 4793 non
606 4729 744 4814 amplius
767 4729 864 4793 infert
886 4731 1076 4794 memoriam
1100 4730 1140 4795 de
1165 4731 1297 4818 Ioseph,
1322 4733 1398 4818 quia
1421 4732 1543 4796 seilicet
1560 4752 1632 4796 cum
1648 4738 1735 4794 esset
1750 4750 1853 4794 senex
1869 4735 1902 4793 et
1917 4730 2032 4814 planus

379 4833 520 4914 dierum,
551 4833 653 4896 iustus
674 4833 722 4897 vir
749 4833 782 4896 in
810 4833 970 4914 omnibus,
1004 4835 1164 4919 requievit
1186 4835 1218 4899 in
1248 4857 1365 4922 pacem
1389 4856 1461 4900 eum
1489 4835 1634 4921 patribus
1657 4835 1730 4899 suis.
1775 4854 1877 4920 usque
1901 4832 1943 4897 ad
1966 4831 2032 4897 XII

379 4958 479 5001 annos
507 4938 623 5002 aetatis
651 4937 819 5001 salvatoris
841 4937 921 5001 vixit
949 4945 983 5002 et
1011 4937 1163 5025 deinceps
1192 4941 1328 5024 quievit,
1361 4940 1442 5005 sicut
1465 4939 1557 5005 nobis
1579 4946 1716 5025 paterna
1738 4937 1932 5003 conmendat
1955 4958 2032 5001 auc-

232 5041 500 5114 nuprutoritas.
546 5040 714 5124 Augustus
739 5062 810 5105 aero
835 5041 954 5106 Caesar
975 5041 1063 5107 LVI
1086 5063 1171 5107 auuo
1201 5045 1290 5125 repui
1317 5044 1370 5107 sui
1396 5065 1499 5108 uuuse
1524 5042 1684 5122 Octuhrio,
1712 5043 1768 5124 qui
1795 5048 1824 5106 et
1851 5040 2031 5106 Perbereteo

226 5164 308 5219 uu.p.
321 5144 554 5211 uerecundum
577 5144 736 5210 Athineos
759 5146 887 5222 dicitur,
910 5144 1012 5209 habiit
1033 5147 1065 5210 in
1089 5145 1302 5232 Capitohum,
1327 5146 1413 5234 quod
1437 5154 1486 5212 est
1507 5149 1539 5211 in
1561 5147 1704 5213 medium
1727 5147 1812 5212 orbis
1835 5147 1972 5228 Romae,
1994 5153 2032 5211 ut
2058 5162 2084 5200 ⁴⁵

481 5371 497 5421 3
510 5374 533 5423 ei
547 5390 595 5426 om.
608 5373 641 5424 6⁸
709 5371 728 5424 4
740 5373 799 5438 quia
811 5369 847 5438 (ct
858 5371 894 5424 ric
901 5372 1011 5438 perum,
1022 5371 1067 5423 uhi
1077 5373 1189 5438 spatium
1203 5373 1288 5440 deficit
1299 5373 1326 5424 ia
1341 5374 1454 5426 uersibus
1466 5375 1592 5439 arranh,
1604 5393 1622 5427 u
1634 5392 1715 5441 cupra
1726 5392 1741 5442 q
1744 5373 1794 5440 )0
1868 5373 1884 5427 6
1897 5371 2031 5440 quoniam]

378 5464 441 5527 qumi
454 5459 476 5512 C
486 5468 509 5510 et
521 5461 556 5510 sic
568 5458 672 5522 431,36
757 5458 790 5510 21
809 5457 929 5527 predixit]
949 5455 985 5525 ph
1003 5458 1025 5510 0
1108 5457 1142 5510 26
1161 5467 1201 5512 est
1216 5477 1264 5512 om.
1280 5459 1317 5510 ΟΒ
1404 5458 1439 5512 32
1456 5465 1541 5528 adque
1558 5479 1606 5513 cm.
1622 5461 1657 5512 C·
1743 5459 1776 5511 37
1795 5447 1898 5530 pr‘dtum
1917 5462 2033 5526 (itemque

377 5546 436 5612 433,
446 5545 488 5600 33.
506 5544 566 5610 434,
575 5543 620 5610 39)
693 5544 771 5610 salle
790 5545 906 5614 ‘paterna
924 5546 1063 5597 auctoritas
1081 5563 1209 5612 quaenam
1230 5546 1394 5613 intellegatur
1410 5549 1505 5612 mocio,
1523 5549 1662 5600 secundum
1680 5547 1814 5602 usurum
1832 5547 1936 5620 Iosephi
1953 5545 1986 5606 (c.
2001 5553 2032 5604 15

382 5632 528 5698 Tueheud.)
548 5632 671 5698 Iosephus
689 5641 712 5684 et
730 5633 803 5684 leuce
820 5633 897 5683 simut
913 5632 1031 5683 uicerunt
1042 5649 1094 5699 per·
1112 5650 1195 5684 aanor
1213 5632 1243 5684 Χ
1246 5633 1322 5685 VIII
1325 5634 1331 5660 ’
1348 5633 1485 5690 Har-uach.
