4554 6314
721 366 768 421 DE
785 366 931 422 EXCIDIO
950 367 999 422 ΕΤ
1017 367 1236 434 CONQVBS'I'V
1255 367 1491 424 BBITANNIAB

378 539 444 604 ΕΡ.
467 539 626 604 habentes
650 539 779 625 quidem
803 541 946 626 speciem
968 542 1110 626 pietatis,
1207 543 1358 607 virtutem
1381 548 1491 607 autem
1515 543 1583 607 eius
1607 542 1809 627 abnegantes

379 644 449 710 FB.
472 643 632 708 habentes
731 643 868 709 sormam
967 644 1098 730 pietatis
1211 651 1245 710 et
1266 646 1418 711 rirbrtam
1441 646 1509 710 einr
1532 645 1733 730 abnegantes

275 748 356 816 Inde
384 769 462 814 num
494 744 708 833 colligandum
737 746 778 811 sit
808 753 974 812 auctorem
1002 747 1168 833 utriusque
1202 749 1308 834 operis
1339 770 1404 813 non
1440 769 1511 814 esse
1540 747 1679 814 eundem
1711 747 1931 814 diiudicabunt

275 873 383 918 rerum
405 851 509 938 periti.

378 953 604 1019 Precationem
627 952 726 1018 macc
747 973 806 1040 pro
828 952 950 1018 morbis
972 975 992 1017 a
1015 953 1157 1040 corporis
1179 954 1326 1040 partibus
1348 956 1482 1041 singulis
1504 955 1653 1020 arcendis
1677 956 1875 1042 propositam
1898 955 1930 1018 in

275 1059 386 1125 codice
410 1056 595 1122 Coloniensi
616 1077 647 1121 n.
666 1060 726 1137 166
756 1077 828 1121 cum
859 1057 1093 1143 subscriptione
1124 1056 1253 1138 explicit
1279 1058 1416 1142 hymnus
1442 1079 1534 1140 picam
1555 1059 1726 1124 Lothacca
1755 1057 1931 1140 Scotipeaes

275 1162 358 1244 fecit,
380 1163 414 1226 in
443 1159 554 1226 codice
584 1158 761 1224 Hibernico
788 1159 938 1224 Leabbm
959 1159 1066 1224 Breco
1089 1160 1147 1225 sub
1171 1162 1424 1247 praescriptione
1453 1161 1526 1226 hac:
1559 1160 1667 1226 atlas
1695 1161 1778 1226 banc
1800 1158 1931 1224 briem

274 1265 350 1345 facit
372 1312 453 1329 ....
477 1262 679 1347 Lci[d]cead
699 1283 770 1326 mac
790 1261 897 1327 Baitia
918 1262 1074 1344 Baaaaiq
1095 1265 1180 1328 venit
1201 1265 1241 1328 ab
1263 1284 1306 1340 oo,
1330 1265 1365 1328 ia
1388 1263 1527 1330 imam
1549 1263 1740 1328 Hiberniam
1762 1261 1931 1326 transtulit

275 1368 417 1434 Zimmer
440 1369 485 1452 (iu
500 1367 626 1432 Nennio
649 1366 811 1432 vindicato
834 1387 867 1452 p.
883 1369 956 1433 299.
973 1369 1049 1450 337)
1073 1387 1176 1453 nuper
1198 1366 1299 1432 edidit
1323 1367 1428 1432 denuo
1452 1368 1668 1453 recognitam,
1691 1367 1836 1433 iudicans
1857 1386 1931 1431 eam

276 1472 427 1557 scriptam
451 1491 522 1536 esse
546 1493 566 1535 a
585 1469 683 1535 Gilda
704 1475 823 1552 nostro,
851 1469 968 1535 deinde
992 1470 1214 1536 aLathacane
1233 1471 1288 1534 illo
1306 1469 1431 1535 erudito
1448 1469 1625 1536 Hibernioo
1643 1470 1795 1536 defuncto
1819 1492 1848 1536 a.
1866 1472 1926 1536 661

274 1576 307 1639 in
318 1574 510 1640 Hiberniam
525 1575 666 1657 allatam,
682 1573 858 1639 emendans
874 1575 996 1639 scilicet
1009 1575 1043 1638 in
1057 1575 1263 1660 praescriptis
1278 1574 1340 1638 illis
1355 1575 1514 1639 iacentem
1530 1597 1588 1660 pro
1604 1576 1697 1640 canit.
1727 1575 1805 1638 mihi
1821 1594 1927 1660 neque

275 1679 458 1744 emendatio
480 1678 635 1766 probatur
648 1697 754 1763 neque
776 1676 863 1758 inde,
887 1677 974 1763 quod
995 1678 1138 1763 precatio
1162 1678 1217 1742 illa
1239 1678 1443 1742 mortalitatis
1467 1678 1665 1743 mentionem
1687 1678 1774 1759 facit,
1798 1677 1930 1742 annales

275 1788 384 1847 autem
399 1782 585 1847 Britanniae
608 1802 667 1867 par
689 1788 838 1866 tempora
853 1781 1048 1845 Lathaoanis
1065 1781 1156 1845 obitu
1178 1782 1340 1846 anteriora
1364 1783 1462 1847 solius
1484 1783 1688 1846 mortalitatis
1713 1802 1795 1867 quae
1813 1779 1929 1846 Gildae

275 1887 422 1972 tempore
444 1887 551 1951 evenit
575 1886 765 1949 memoriam
788 1891 964 1966 servarunt,
990 1884 1030 1948 de
1053 1890 1201 1971 ternpore
1217 1886 1388 1971 quicquam
1404 1884 1531 1951 videtur
1548 1885 1641 1961 effici,
1665 1905 1771 1971 neque
1792 1884 1930 1971 hymnus

274 1994 363 2054 recte
387 1989 557 2052 convenire
581 1987 697 2053 Gildae
721 1994 829 2052 nostro
851 1994 984 2074 propter
1006 1989 1161 2053 sermonis
1184 1989 1343 2074 insignem
1360 1989 1591 2070 diversitatem,
1615 2009 1712 2074 quam
1728 1988 1871 2053 Zimmer
1892 1993 1928 2052 ut

274 2112 339 2156 non
361 2092 520 2176 ignoravit
535 2089 580 2176 (r.
595 2113 627 2177 p.
641 2091 729 2176 323),
752 2093 798 2156 ita
813 2112 877 2155 nou
893 2097 981 2156 recte
997 2093 1189 2158 aestimavit.
1235 2113 1310 2156 uam
1324 2092 1461 2178 hymnus
1476 2093 1564 2156 venit
1585 2112 1627 2156 ex
1643 2092 1754 2156 schola
1770 2112 1819 2172 aa,
1844 2111 1927 2177 quae

275 2195 403 2259 intrusis
425 2195 459 2259 in
480 2194 631 2258 Latinam
653 2195 795 2280 linguam
812 2195 919 2259 verbis
936 2194 1069 2260 Graecis
1092 2202 1125 2261 et
1145 2195 1316 2261 Hebraicis
1339 2195 1502 2261 incondita
1527 2202 1560 2261 et
1582 2215 1679 2282 supra
1702 2215 1830 2260 omnem
1853 2194 1928 2259 bar-

274 2297 399 2362 beriam
421 2296 560 2362 barbara
583 2295 742 2378 doctriua,
773 2297 815 2362 ad
838 2320 934 2384 quam
957 2299 1044 2384 quod
1067 2298 1218 2379 accedat,
1248 2297 1345 2363 Gilda
1368 2304 1477 2364 noster
1499 2318 1563 2362 non
1585 2299 1694 2364 habet.
1739 2299 1802 2363 hoo
1825 2297 1929 2362 solum

275 2401 454 2466 concedere
484 2401 586 2486 possis
615 2402 683 2466 eius
706 2402 836 2466 scholae
867 2402 1009 2467 eruditos
1033 2401 1150 2467 Gildae
1175 2403 1346 2488 epistulam
1369 2403 1532 2468 lectitasse
1564 2408 1597 2466 et
1623 2402 1790 2484 Tattycam
1818 2400 1930 2466 vallam
1960 2449 1961 2452 ,

275 2505 386 2592 (supra
401 2527 432 2590 p.
449 2505 483 2590 6)
507 2505 583 2570 inde
606 2527 663 2570 suo
687 2506 837 2570 thesemo
866 2507 1020 2588 intulisse,
1044 2507 1240 2571 locutionem
1262 2505 1340 2572 licet
1361 2509 1426 2571 suis
1450 2506 1572 2572 deliciis
1594 2506 1798 2588 inferiorem,
1829 2507 1875 2569 ita
1898 2509 1931 2568 et

274 2611 377 2697 ipsam
400 2610 569 2675 obscuram
593 2614 627 2674 at
648 2629 844 2695 perversam.
852 2608 877 2695 ¹)

376 2711 523 2776 Historia
537 2710 721 2776 Brittonum
745 2711 893 2778 fabulosa
914 2718 951 2777 ut
974 2713 1053 2794 aliis,
1076 2713 1122 2776 ita
1137 2712 1328 2798 praesertim
1344 2709 1461 2776 Gildaa
1477 2712 1596 2798 passim
1618 2713 1651 2776 in
1669 2712 1760 2776 libris
1782 2711 1932 2776 tribuitur

276 2821 400 2880 temere
424 2816 568 2897 omniuo,
593 2836 656 2901 qua
683 2814 723 2880 de
746 2837 781 2880 ro
804 2816 887 2880 infra
910 2815 953 2880 ad
976 2836 1049 2880 eam
1073 2835 1282 2902 exponemus.
1329 2816 1498 2902 praeteriri
1529 2821 1720 2901 potueruut,
1744 2835 1827 2901 quae
1852 2814 1930 2880 Gal-

275 2918 386 2983 fredus
402 2918 655 2983 Monumetensis
678 2918 737 2982 sub
754 2917 871 2984 Gildae
887 2918 1045 2983 vocabulo
1068 2917 1201 3004 adlegat
1223 2925 1289 2984 tam
1314 2940 1356 2983 ex
1380 2919 1512 2983 historia
1535 2919 1590 2983 illa
1614 2918 1808 3004 deprompta
1833 2938 1930 3003 quam

174 3079 181 3098 ,
273 3022 336 3086 aha
359 3022 400 3086 ab
424 3023 494 3108 ipso
518 3021 653 3087 conficta
677 3021 765 3105 (vide
788 3022 870 3086 infra
893 3044 924 3108 p.
943 3021 1008 3107 23),
1031 3023 1111 3086 item
1133 3043 1263 3088 carmen
1286 3021 1326 3086 de
1349 3023 1490 3087 victoriis
1513 3043 1628 3108 regum
1650 3021 1837 3086 Britanniae
1861 3041 1929 3086 ser·

274 3131 384 3190 vatum
405 3126 438 3189 in
462 3123 533 3190 cod.
558 3124 750 3191 Oottoniano
773 3125 833 3191 Iul.
856 3125 897 3190 D.
922 3125 971 3190 XI
996 3125 1112 3191 Gildae
1136 3124 1334 3213 adscriptum
1357 3127 1506 3214 aliaeque
1530 3125 1661 3191 fraudes
1683 3127 1890 3191 recentiores.

377 3348 507 3414 Gildam
529 3351 598 3415 iure
622 3351 668 3415 ait
689 3356 801 3415 auctor
824 3350 945 3415 saeculi
962 3348 1029 3414 XII
1051 3351 1134 3440 inira
1156 3371 1188 3435 p.
1206 3353 1245 3414 23
1269 3351 1384 3414 citatus
1399 3349 1584 3414 Willelmus
1606 3370 1679 3413 raro
1703 3349 1929 3435 transcriptum

273 3471 360 3526 esse;
390 3451 519 3517 codices
541 3453 643 3518 libelli
665 3474 730 3517 non
753 3454 857 3518 solum
881 3459 994 3518 extant
1017 3451 1192 3517 admodum
1215 3453 1320 3538 pauci,
1344 3451 1403 3516 ead
1425 3459 1556 3538 praeter
1578 3451 1691 3516 Bedae
1715 3458 1871 3537 excerpta
1895 3459 1928 3516 et

275 3553 420 3619 codicem
447 3553 683 3621 Abrinoensem
716 3557 943 3643 interpolatum
978 3557 1096 3641 scripta
1133 3555 1285 3642 editaque
1317 3557 1517 3641 exemplaria
1550 3557 1656 3620 omnia
1690 3554 1828 3620 redeunt
1859 3555 1928 3619 lere

273 3658 315 3723 ad
337 3679 435 3724 unum
459 3658 605 3724 codicem
628 3660 879 3726 Londiniensem
904 3659 1142 3742 Cottonianum,
1166 3659 1207 3725 de
1232 3679 1294 3745 quo
1319 3660 1383 3723 iam
1407 3658 1577 3724 dicendum
1601 3666 1659 3724 est.

377 3761 491 3827 Codex
513 3765 616 3829 musei
632 3764 808 3829 Britannici
824 3763 1035 3829 cottonianus
1048 3764 1157 3828 Vitell.
1171 3763 1211 3828 A.
1224 3762 1272 3827 VI
1295 3763 1432 3848 scriptus
1455 3783 1539 3828 saec.
1557 3762 1617 3845 XI,
1640 3761 1811 3847 aliquando
1839 3762 1929 3847 (nam
1950 3769 1973 3823 0

273 3863 420 3930 codicum
441 3865 577 3931 duorum
595 3887 615 3930 a
633 3867 789 3932 Iosselino
814 3867 1031 3932 adhibitorum
1052 3867 1137 3932 hunc
1159 3887 1230 3931 esse
1254 3867 1467 3951 antiquiorem
1482 3867 1515 3930 in
1532 3886 1571 3930 eo
1584 3885 1667 3951 quae
1684 3865 1930 3930 continebantur

272 3967 475 4055 confirmant)
509 3969 764 4054 Augustinorum
793 3969 1078 4052 Cantuarensium,
1114 3968 1231 4034 deinde
1266 3991 1309 4034 ax
1332 3969 1416 4034 dono
1447 3969 1600 4034 Guilelmi
1633 3967 1791 4034 Oamdcni
1825 3969 1927 4033 lactus

273 4069 419 4154 Cottoni,
451 4073 627 4137 secundum
654 4073 782 4141 Smithii
804 4075 988 4159 catalogum
1016 4074 1306 4159 manuscriptorum
1332 4073 1487 4156 libromm
1516 4073 1732 4139 bibliothecae
1757 4073 1928 4138 Cottoniae

274 4173 406 4261 (Oxonii
425 4179 506 4241 1696
531 4199 560 4263 p.
577 4180 633 4262 81)
656 4176 738 4241 haec
762 4177 929 4242 continuit:
955 4179 994 4240 ‘1.
1011 4176 1148 4262 hymnus
1171 4174 1213 4240 ad
1227 4176 1259 4241 b.
1275 4174 1411 4240 Mariam
1427 4177 1585 4261 virginem
1602 4182 1663 4242 etc.
1709 4181 1739 4242 2.
1756 4175 1869 4241 Gildas
1886 4176 1927 4242 de

273 4277 411 4343 ‘excidio
426 4277 630 4354 Britanniae;
653 4280 736 4344 liber
758 4279 945 4344 charactere
970 4278 1059 4343 alfini
1076 4279 1236 4344 Saronico
1254 4285 1416 4344 exaratus.
1462 4281 1491 4343 3.
1507 4279 1645 4365 hymnus
1662 4278 1704 4344 ad
1721 4278 1929 4346 Theodorum

273 4380 557 4466 ‘archipraesulem
581 4388 615 4447 et
638 4384 792 4448 abbatom
814 4382 993 4448 Adrianum
1017 4382 1059 4447 ad
1081 4383 1179 4449 finem
1199 4383 1389 4470 paginarum
1405 4384 1624 4468 praelationis.
1671 4388 1700 4448 4.
1724 4384 1862 4470 hymnus
1886 4383 1928 4448 ad

275 4482 318 4548 ι6.
341 4482 558 4570 Augustinum
581 4485 847 4552 (lantuariensem
869 4487 903 4552 in
931 4487 993 4551 fine
1017 4486 1099 4552 libri.
1143 4487 1254 4572 hymni
1283 4507 1394 4552 omnes
1421 4487 1505 4550 notis
1534 4487 1741 4553 musicalibus
1764 4486 1927 4574 insigniti'.

273 4587 422 4652 loliorum
441 4588 547 4655 codex
570 4595 638 4654 tum
660 4591 720 4655 luit
736 4594 776 4654 72
801 4589 992 4676 (secundum
1009 4588 1146 4654 schedas
1162 4590 1266 4654 musei
1282 4590 1488 4674 Britannici);
1511 4591 1576 4654 iam
1599 4590 1752 4656 damnum
1776 4591 1926 4676 gravissi·

272 4711 361 4755 mum
387 4711 482 4776 passo
505 4713 544 4757 eo
566 4693 599 4756 in
621 4692 768 4758 incendio
792 4712 821 4758 a.
839 4695 918 4758 1731
945 4713 1057 4757 eorum
1079 4692 1176 4757 hodie
1199 4714 1264 4757 non
1286 4699 1457 4780 supersunt
1478 4693 1540 4757 nisi
1555 4695 1596 4758 37
1617 4692 1660 4757 ad
1676 4692 1806 4758 Gildam
1828 4694 1927 4778 perti·

272 4795 383 4858 nentia
406 4795 523 4878 omnia,
547 4796 629 4860 sicut
651 4815 764 4881 margo
788 4795 937 4861 editionis
959 4803 1090 4861 nostrae
1115 4796 1268 4861 declarat.
1315 4818 1450 4882 quorum
1475 4797 1535 4861 etsi
1557 4797 1578 4860 l.
1595 4800 1636 4862 26
1660 4803 1763 4861 totum
1787 4797 1927 4880 evanuit,

273 4898 398 4983 reliqua
413 4897 521 4962 multis
536 4898 616 4962 locis
631 4899 779 4964 mutilata
793 4906 867 4964 sunt
882 4905 938 4964 aut
955 4900 1125 4964 obscurata
1141 4906 1175 4963 et
1188 4900 1233 4964 ita
1251 4905 1448 4986 comparata,
1463 4906 1500 4964 ut
1516 4920 1556 4964 ea
1571 4904 1696 4963 tantum
1712 4919 1795 4986 quae
1808 4899 1927 4966 diserte

274 5020 317 5065 ex
340 4999 451 5066 codice
479 4999 656 5066 affemntur
682 5004 840 5088 praestari
868 5004 992 5089 possint
1022 5023 1127 5089 neque
1159 5023 1201 5067 ex
1230 5004 1357 5069 silentio
1385 5009 1560 5090 apparatus
1588 5004 1688 5068 nostri
1718 5002 1759 5067 de
1789 5003 1927 5069 lectione

273 5104 422 5187 iudicari,
452 5105 656 5170 nihilominus
687 5105 728 5171 de
759 5106 833 5170 libri
862 5105 971 5172 indole
997 5107 1032 5171 in
1058 5107 1242 5172 universum
1271 5112 1397 5172 constat
1424 5113 1498 5194 post
1520 5108 1652 5192 longum
1676 5112 1709 5171 et
1731 5107 1928 5172 laboriosum

273 5209 423 5274 loliorum
446 5229 557 5274 eorum
580 5229 720 5274 examen
743 5231 763 5274 a
784 5230 838 5275 me
860 5211 1039 5276 institutum
1062 5209 1209 5275 adiutore
1231 5212 1335 5297 perito
1360 5217 1394 5276 at
1416 5218 1547 5276 strenuo
1570 5209 1723 5277 Eduardo
1740 5211 1928 5297 Thompson

273 5314 376 5377 musei
397 5312 573 5376 Britannici
595 5312 771 5398 praelecto.
796 5353 834 5360 -
861 5313 1063 5401 compendia
1085 5315 1117 5378 iu
1141 5314 1251 5381 codice
1275 5314 1481 5380 offenduntur
1502 5315 1587 5379 inter
1608 5315 1672 5380 alia
1694 5315 1789 5379 haec:

377 5468 404 5533 1)
423 5471 499 5534 Quod
516 5477 620 5521 narrant
637 5470 771 5522 Hibernioi
795 5471 898 5521 saeculo
919 5471 965 5520 vll
990 5487 1074 5537 regem
1094 5473 1213 5524 Senchan
1230 5472 1348 5540 Tarpeist
1371 5474 1403 5525 ad
1425 5473 1586 5525 Aremoricae
1610 5473 1721 5537 misisse,
1743 5471 1789 5536 qni
1812 5471 1928 5522 camina

272 5555 378 5622 antiqua
395 5555 428 5606 ad
439 5557 561 5608 volumen
572 5556 710 5608 Cuilmenn
728 5555 914 5608 conficiendum
933 5556 966 5607 ab
983 5555 1034 5608 ‘illo
1052 5558 1175 5624 sapiente'
1194 5574 1224 5610 eo
1242 5559 1375 5627 deportata
1392 5560 1452 5612 inde
1464 5561 1491 5612 in
1503 5559 1655 5614 Hiberniam
1668 5559 1799 5622 referrent,
1818 5557 1928 5608 Zimmer

273 5655 297 5709 p.
311 5639 362 5694 255
379 5642 411 5693 de
428 5643 506 5695 Gilda
525 5643 644 5710 sapiente
661 5643 765 5710 accipit.
