4554 6316
412 383 475 446 326
1173 373 1292 431 BEDAE

515 552 728 633 meminimus,
753 557 888 617 cunctae
911 552 1005 617 huius
1028 551 1149 616 saeculi
1172 555 1297 616 aetates
1319 572 1394 634 sex,
1417 552 1450 616 in
1473 551 1589 639 quibus
1611 552 1687 617 iusti
1709 551 1838 618 domino
1861 558 2069 640 cooperante

516 656 609 721 bonis
633 655 784 742 operibus
807 657 970 737 insistunt,
993 657 1040 721 its
1061 662 1135 720 eunt
1157 676 1296 742 superna
1320 655 1520 722 ordinatione
1550 655 1742 743 dispositae,
1770 662 1808 722 ut
1833 658 1866 722 in
1889 657 2070 744 primordie

517 762 582 825 euis
609 761 755 846 singulae
784 759 905 847 aliquid
932 761 1090 825 laetarum
1118 781 1224 825 rerum
1257 760 1417 826 habentes
1448 782 1512 825 non
1545 763 1654 848 parvis
1685 781 1888 827 erumnarum
1917 763 2069 828 tenebris

433 871 491 931 611
515 885 821 953 praessurammque
839 871 1107 930 consummantur.
1154 865 1388 952 Requiescere
1406 867 1594 949 animarum,
1612 886 1708 953 quam
1724 886 1783 951 pro
1800 866 1891 931 bonie
1908 867 2069 953 operibus

514 970 547 1035 in
570 969 677 1034 futuro
701 970 831 1034 saeculo
854 971 1050 1056 percipiunt,
1078 969 1168 1034 nulla
1197 990 1349 1056 umquam
1373 990 1468 1036 curae
1492 971 1627 1035 alicuius
1659 971 1823 1035 anxietate
1847 971 1977 1035 turbata
2003 970 2068 1035 de-

514 1074 616 1154 ficiet,
645 1072 703 1138 sed
731 1074 786 1138 ubi
817 1080 946 1160 tempus
973 1072 1082 1138 iudicii
1110 1079 1143 1137 61
1170 1075 1413 1138 resurrectionis
1446 1073 1629 1154 advenerit,
1658 1074 1845 1159 gloriosiore
1881 1079 2068 1161 perpetuae

515 1176 725 1243 beatitudinis
747 1178 947 1264 perfectione
970 1177 1193 1264 complebitur.
1239 1185 1432 1264 conparatur
1457 1178 1506 1243 hie
1539 1178 1700 1243 aetatibus
1729 1179 1978 1244 sacratissimum
2003 1179 2067 1244 do-

477 1308 488 1346 1
517 1283 654 1347 minicae
684 1283 841 1369 passionis
870 1283 1055 1369 sepulturae
1085 1287 1118 1346 61
1145 1284 1387 1348 resurrectionis
1418 1288 1555 1369 tempus.
1611 1283 1749 1369 legimus
1784 1284 1869 1347 66116
1898 1282 2067 1348 scribente

517 1387 719 1472 euangelista
740 1386 895 1470 Iohanne,
920 1388 994 1474 quia
1016 1386 1109 1452 Iesus
1132 1393 1207 1452 ante
1231 1409 1291 1452 sex
1314 1387 1383 1453 dies
1406 1389 1548 1474 paschae
1572 1388 1660 1453 venit
1683 1386 1894 1470 Bethaniam,
1922 1387 1980 1453 ubi
2003 1387 2067 1452 de-

519 1496 615 1556 votae
645 1492 789 1556 mulieris
821 1491 926 1556 officio
961 1490 1058 1557 Iudas
1093 1491 1233 1557 61166666
1266 1491 1408 1578 prodidit
1436 1513 1510 1557 eum
1540 1491 1743 1557 sacerdotum
1772 1490 1978 1577 principibus.
2031 1492 2068 1556 in

518 1595 689 1660 crastinum
719 1602 828 1660 autem
854 1596 924 1681 ipse
954 1597 1087 1660 veniens
1116 1597 1148 1660 in
1176 1596 1266 1660 asino
1291 1595 1553 1682 Hierosolymam
1576 1617 1649 1661 6616
1676 1596 1771 1660 turba
1794 1594 1924 1660 domino
1947 1594 2067 1661 laudes

517 1700 716 1783 canentium,
751 1721 810 1787 per
838 1701 1004 1764 continuos
1026 1699 1058 1764 V
1081 1699 1152 1764 dics
1180 1698 1339 1764 insidiosis
1377 1721 1487 1765 eorum
1527 1699 1747 1787 questionibus
1775 1699 1938 1786 appetitus
1967 1706 2067 1764 sexto

467 1828 491 1866 ιο
519 1801 650 1868 demum
679 1803 731 1869 die
761 1804 929 1869 crucifixus
961 1809 1021 1868 cet:
1054 1805 1192 1890 septima
1214 1805 1374 1891 requievit
1395 1805 1428 1868 in
1451 1805 1632 1892 sepulchro,
1657 1811 1771 1869 octava
1794 1810 1920 1884 autem,
1944 1803 1978 1868 id
2002 1809 2067 1885 est,

515 1919 580 1972 1166
599 1908 737 1990 sabbati,
760 1909 936 1972 resurrexit
959 1909 1142 1972 amortuis.
1189 1909 1264 1994 quia
1287 1909 1470 1994 praeteritis
1485 1909 1516 1972 V
1531 1908 1642 1974 mundi
1664 1908 1758 1974 huius
1781 1906 1943 1972 aetatibus
1958 1909 2067 1973 sancti

437 2014 500 2076 612
519 2033 694 2099 numquam
717 2012 927 2098 reproborum
951 2011 1080 2076 insidiae
1104 2018 1138 2077 et
1161 2012 1235 2078 odia
1258 2015 1325 2099 pati
1349 2019 1524 2079 cessarunt.
1569 2014 1615 2078 At
1632 2013 1666 2078 in
1681 2020 1785 2094 sexta,
1802 2032 1898 2098 quam
1915 2011 2068 2077 dominus

517 2137 574 2181 sua
596 2117 814 2182 incarnatione
839 2117 1027 2182 confirmare
1056 2117 1089 2181 in
1112 2116 1191 2198 tide,
1214 2138 1272 2182 sua
1294 2119 1443 2204 passione
1465 2116 1626 2183 redimere
1658 2116 1699 2181 ab
1722 2116 1849 2198 inieris,
1872 2136 1930 2181 sua
1953 2137 2064 2181 resur-

517 2221 661 2286 rectione
685 2228 719 2286 et
741 2222 928 2286 ascensione
952 2220 994 2285 ad
1016 2241 1109 2307 spem
1133 2227 1166 2286 et
1188 2219 1394 2287 dilectionem
1417 2223 1509 2308 regni
1537 2223 1685 2287 caelestis
1709 2220 1887 2286 accendere
1912 2220 2067 2307 dignatus

518 2331 577 2405 661,
601 2325 738 2389 eximior
758 2324 928 2390 beatorum
952 2331 1129 2411 martyrum
1144 2325 1243 2390 virtus
1267 2327 1426 2390 atrociora
1442 2326 1483 2390 ab
1500 2325 1682 2391 infidelibus
1699 2326 1960 2412 persecutionum
1975 2325 2069 2390 bella

481 2454 492 2493 s
521 2429 682 2493 toleravit.
728 2428 787 2493 sed
813 2429 895 2492 haec
923 2433 1012 2493 tanto
1043 2429 1155 2493 16111116
1187 2430 1310 2511 116616,
1334 2436 1453 2514 quanto
1483 2431 1600 2494 certius
1622 2450 1742 2495 novere
1766 2450 1824 2516 pro
1847 2430 1902 2494 illo
1926 2449 1960 2494 se
1985 2431 2068 2516 pati,

519 2534 574 2619 qui
597 2553 705 2598 secum
727 2554 825 2620 passo
847 2533 934 2618 prius
956 2533 1082 2616 latroni,
1107 2532 1166 2598 sed
1190 2539 1265 2598 tunc
1289 2534 1473 2616 confessori,
1497 2535 1657 2621 promisit:
1682 2533 1780 2599 hodie
1796 2554 1923 2598 mecum
1947 2532 2069 2597 crisin

519 2636 679 2724 paradiso.
726 2657 808 2724 quae
831 2637 1020 2702 beatissima
1040 2637 1182 2724 paradisi
1205 2639 1344 2724 requies,
1368 2639 1530 2724 quianon
1553 2639 1651 2704 alium
1673 2639 1770 2704 finem
1787 2659 1883 2725 quam
1899 2637 2069 2724 glorificae

520 2742 762 2807 resurrectionis
785 2740 886 2806 habet
907 2741 1050 2823 initium,
1072 2742 1134 2806 hoe
1157 2743 1337 2827 significare
1360 2743 1472 2807 rolens
1496 2744 1698 2829 euangelista
1719 2742 1884 2824 listhene,
1909 2763 1981 2808 cum
2006 2741 2068 2805 do-

520 2847 641 2911 minum
670 2850 765 2909 sexta
793 2846 876 2910 feria
901 2867 1031 2932 passum
1061 2851 1094 2910 et
1116 2845 1252 2911 sabbato
1277 2846 1438 2932 sepultum
1461 2868 1532 2912 esse
1555 2849 1748 2934 scripsisset,
1781 2845 1923 2912 dicturus
1946 2844 1987 2910 (16
2011 2867 2067 2911 re-

469 2976 494 3016 16
522 2951 719 3015 surrectione
749 2951 793 3015 sio
826 2951 950 3035 incipit:
983 2971 1120 3037 vespere
1148 2956 1258 3015 autem
1285 2950 1428 3032 sabbati,
1459 2973 1543 3037 quae
1572 2952 1707 3017 lucescit
1737 2953 1771 3017 in
1800 2951 1904 3037 prima
1927 2950 2069 3032 sabbati,

439 3054 609 3120 61316611
638 3053 742 3118 Maria
770 3053 966 3139 Magdalene
1000 3060 1035 3118 et
1068 3055 1170 3118 altera
1203 3053 1306 3118 Maria
1334 3053 1444 3120 videre
1473 3054 1687 3142 sepulchrum.
1733 3053 1914 3140 Vesperam
1944 3054 2068 3140 quippe

519 3159 662 3241 sabbati,
693 3179 755 3246 quo
789 3157 936 3223 dominus
970 3159 1003 3223 in
1035 3158 1205 3245 sepulchro
1241 3159 1378 3245 quievit,
1413 3181 1477 3224 non
1509 3161 1542 3225 in
1571 3166 1701 3225 noctem
1734 3157 1975 3238 tenebrescere,
2008 3157 2071 3222 scd

519 3265 684 3329 lucescere
717 3261 794 3328 dicit
822 3265 855 3327 in
885 3285 949 3328 una
979 3263 1121 3345 sabbati,
1145 3265 1219 3349 quia
1242 3263 1394 3329 videlicet
1416 3264 1503 3328 idem
1528 3264 1596 3328 6166
1619 3264 1824 3350 sepulchrum
1846 3281 1912 3325 non
1934 3281 2070 3346 eorrup-

521 3370 609 3435 tione
638 3369 778 3454 suscepti
808 3369 951 3454 corporis
980 3366 1259 3450 adtamiuandum,
1293 3368 1351 3432 sed
1379 3369 1460 3433 sieut
1482 3367 1596 3432 Esaias
1624 3369 1683 3432 ait:
1712 3373 1745 3431 et
1777 3368 1837 3432 erit
1861 3363 2070 3451 sepulchrum

483 3500 493 3538 s
522 3474 592 3538 eius
624 3473 812 3557 gloriosum,
837 3473 920 3537 citae
953 3473 1196 3537 resurrectionis
1232 3479 1301 3536 erat
1335 3473 1452 3537 virtute
1486 3470 1738 3537 sublimandum:
1775 3471 1851 3556 quia
1883 3474 2068 3534 nostrarum

521 3598 649 3664 quoquc
673 3577 801 3662 requies
830 3583 903 3662 poet
931 3582 1031 3642 exuta
1054 3598 1191 3664 corpora
1213 3578 1392 3641 animarum
1420 3598 1484 3641 666
1511 3576 1671 3662 aliquibus
1694 3595 1851 3660 angorum
1877 3579 1926 3638 est
1949 3571 2069 3637 611666-
2123 3645 2127 3654 ,

520 3679 623 3746 randa
644 3679 801 3761 tenebris,
826 3680 885 3745 sed
907 3681 983 3745 solis
1005 3702 1102 3746 verae
1127 3688 1161 3746 et
1182 3687 1361 3768 perpetuae
1384 3682 1464 3746 lucis
1486 3679 1690 3767 suscipienda
1719 3682 1751 3745 in
1774 3679 1837 3744 fine
1862 3684 2069 3743 616666616-

520 3784 618 3852 landa
644 3786 839 3850 muneribus.
889 3785 971 3851 haec
1000 3792 1050 3850 eet
1079 3807 1199 3872 magna
1223 3787 1279 3851 illa
1312 3793 1345 3852 et
1374 3787 1544 3872 singularis
1577 3793 1705 3867 octava,
1729 3805 1788 3870 pro
1812 3803 1875 3870 qua
1898 3787 2009 3846 sextus
2035 3789 2072 3847 et

519 3887 709 3954 undecimus
736 3889 852 3974 psalmi
875 3890 1068 3955 scribuntur:
1100 3891 1188 3955 cuius
1212 3897 1244 3954 et
1267 3890 1368 3955 verba
1391 3889 1514 3956 dierum
1542 3891 1589 3954 ita
1617 3888 1840 3955 recordantur:
1874 3906 1969 3972 porro
1995 3885 2069 3950 Ma-

469 4020 495 4058 16
521 3993 661 4059 1116111166
685 3997 718 4056 61
742 3991 919 4078 Heliphalu
942 3993 1053 4058 etalii
1076 3993 1262 4059 Levitarum
1285 3995 1318 4060 in
1341 3995 1471 4060 citharis
1493 4015 1551 4081 pro
1576 4000 1692 4060 661616
1715 3991 1876 4057 canebant
1894 3990 2068 4076 epinicion,

521 4096 555 4160 id
579 4103 637 4179 est,
661 4097 773 4161 victori
797 4095 858 4161 deo
882 4098 914 4161 in
936 4103 1131 4185 perpetuum
1153 4106 1309 4164 venturae
1334 4098 1491 4185 ogdoadis
1515 4106 1612 4186 atque
1635 4097 1744 4163 iudicii
1766 4094 1879 4160 laudes
1895 4094 2068 4160 canebant.

441 4207 502 4268 614
524 4201 684 4286 epinicion
706 4201 826 4286 quippe
850 4201 1045 4287 triumphum
1076 4202 1282 4289 palmamque
1312 4203 1479 4288 significat.
1524 4202 1588 4267 Vel
1619 4202 1659 4266 de
1682 4200 1925 4266 resurrectionis
1949 4196 2070 4263 Christi

522 4305 674 4392 mysterio
708 4303 964 4390 prophetabant,
999 4326 1082 4391 quae
1116 4307 1231 4372 merito
1266 4307 1435 4391 singularis
1465 4312 1498 4370 61
1527 4327 1645 4391 magna
1672 4309 1806 4370 vocatur
1835 4308 1964 4383 octava,
1993 4303 2071 4387 quia

523 4409 625 4475 omnis
648 4407 786 4472 labentis
810 4409 931 4474 saeculi
954 4407 1023 4474 dies
1047 4417 1162 4475 octava
1191 4412 1237 4475 116
1269 4416 1413 4496 6616661
1436 4411 1605 4496 septimam
1629 4409 1756 4474 sabbati
1779 4413 1909 4488 octava,
1939 4414 1976 4471 ut
1997 4407 2070 4492 ipsa

523 4515 563 4578 sit
587 4513 685 4578 etiam
708 4513 811 4598 prima
834 4515 1035 4599 septimanae
1058 4517 1231 4603 sequentis.
1277 4514 1440 4601 quomodo
1464 4521 1575 4579 autem
1604 4515 1708 4599 prima
1730 4513 1828 4578 161166
1852 4511 1971 4576 saeculi
1995 4509 2065 4575 dies

483 4647 494 4684 s
520 4621 567 4684 ita
590 4618 794 4703 1611611166,
817 4625 853 4683 ut
876 4639 941 4682 non
963 4619 1100 4684 haberet
1123 4621 1246 4706 aliquos
1270 4626 1396 4706 septem
1419 4618 1656 4707 praecedentes
1689 4617 1804 4705 quibus
1832 4621 1920 4680 esset
1943 4621 2069 4696 octava,

522 4730 556 4788 et
577 4722 652 4787 ideo
676 4722 880 4808 singulariter
902 4725 1006 4809 prima
1029 4732 1092 4806 661,
1122 4725 1167 4789 116
1190 4725 1395 4810 singulariter
1416 4745 1482 4788 non
1505 4725 1609 4789 solum
1636 4743 1773 4809 magna,
1802 4720 1860 4785 sed
1890 4727 1924 4784 61
1953 4725 2070 4784 octava

522 4835 572 4893 eet
602 4826 671 4891 dice
703 4826 829 4891 futurae
858 4829 1118 4911 resurrectionis,
1151 4829 1226 4915 quia
1257 4829 1301 4893 sic
1331 4833 1404 4914 post
1427 4829 1598 4914 septimam
1621 4826 1749 4892 sabbati
1772 4824 1912 4912 proximi
1934 4829 2071 4888 ventura

523 4938 571 4996 661
592 4937 716 5008 octava,
740 4937 775 4995 ut
796 4952 861 4996 666
884 4933 1008 5018 aliquos
1031 4933 1152 4997 habeat
1176 4931 1245 4997 dies
1268 4953 1303 4997 66
1327 4938 1510 5018 sequentes,
1535 4931 1650 5019 quibus
1665 4931 1767 5018 possit
1786 4929 1857 4994 lieri
1871 4928 1985 5015 prima,
2010 4926 2070 4992 sed

521 5035 592 5121 ipsa
614 5056 679 5100 una
700 5041 831 5099 maneat
854 5036 989 5101 caelesti
1012 5037 1083 5101 luce
1106 5037 1267 5123 perennis.
1313 5034 1398 5100 unde
1422 5034 1507 5100 benc
1531 5034 1692 5121 propheta
1707 5033 1863 5098 visionem
1886 5032 1980 5098 huius
2004 5029 2070 5094 diei

468 5165 492 5206 16
521 5141 642 5222 6111666,
666 5160 762 5204 66661
787 5160 859 5204 6616
881 5147 977 5205 vocat
1001 5140 1125 5206 dicens:
1151 5142 1227 5227 quia
1248 5141 1362 5205 melior
1384 5146 1434 5205 661
1458 5138 1607 5204 diesuna
1623 5140 1655 5202 16
1672 5138 1761 5203 611116
1777 5137 1840 5202 1616
1857 5157 1954 5224 66661
1970 5135 2069 5199 milia.

523 5265 594 5310 cum
631 5265 709 5329 ergo
746 5251 894 5310 octavam
927 5247 960 5310 in
991 5246 1155 5332 scripturis
1182 5245 1336 5331 legimus,
1366 5245 1505 5309 sciamus
1532 5244 1666 5331 mystice
1696 5249 1729 5308 61
1760 5242 1846 5306 (11616
1870 5247 1903 5306 61
1926 5245 2070 5306 aetatem

421 5355 578 5362 -——--

522 5402 602 5454 FHO

520 5488 580 5555 610,
593 5501 617 5542 ra
634 5498 806 5557 qncopcrante
819 5490 847 5541 F
914 5503 937 5542 15
957 5489 1188 5556 consumanturH,
1207 5487 1461 5542 consummatan⁸
1559 5487 1642 5552 611,‹
1660 5489 1839 5555 perfectionem
1853 5485 1882 5537 F
1947 5499 2071 5552 conpara-

417 5576 470 5645 tur]
490 5577 690 5646 conponatan
758 5579 921 5646 saepultura
933 5578 989 5629 FH
1060 5591 1127 5646 tpr.
1146 5595 1195 5628 sac.
1211 5575 1256 5627 11¹
1336 5577 1455 5627 rasiano
1470 5575 1504 5626 H
1507 5577 1515 5607 ¹
1619 5572 1699 5640 6121
1719 5576 1745 5626 16
1763 5572 1870 5626 ormF·
1956 5582 2073 5622 1666611-

418 5665 477 5717 (1616
490 5663 563 5715 FH’
623 5664 801 5716 6616661611
857 5665 1023 5717 esabbatum
1036 5663 1065 5715 F
1113 5663 1230 5716 dicturus
1247 5680 1295 5714 orn.
1309 5661 1340 5712 Η
1406 5659 1490 5727 613‚r
1509 5657 1573 5729 qno]
1592 5658 1702 5730 quodF
1767 5656 1963 5724 6146666611
1981 5673 2028 5712 aaa
2044 5655 2079 5706 Η

453 5753 589 5820 septimum
606 5749 635 5818 0,
653 5751 822 5820 septimanam
835 5751 869 5801 H
870 5752 881 5782 ²
951 5763 963 5802 6
979 5751 1024 5804 aed
1042 5748 1078 5819 et]
1096 5752 1141 5804 aad
1153 5749 1183 5801 F
1249 5763 1273 5802 11
1291 5754 1407 5818 mystyce
1421 5745 1454 5798 Η
