4552 6308
869 360 902 414 A.
921 359 1216 416 ccxxu-ucxxx.
1810 364 1871 427 391

217 533 306 597 rclut
327 532 545 598 Priscillianus
569 539 602 597 et
625 533 780 619 Agricola
803 556 883 599 coss.
907 556 935 599 a.
954 539 1016 600 230
1039 558 1071 623 p.
1089 535 1163 600 Ohr.
1182 536 1368 601 'tribuuntur
1392 557 1475 602 anno
1491 557 1575 600 nono
1598 537 1675 623 imp.
1692 535 1874 601 Alexandri

218 634 341 718 Severi,
364 659 447 702 anno
464 639 548 723 Aug.
566 636 683 704 OOLX
707 638 803 725 (Phil.
822 639 910 720 554),
934 641 988 725 qui
1011 642 1119 726 coepit
1142 641 1318 704 secundum
1334 641 1516 726 Aegyptios
1540 640 1571 705 d.
1587 641 1719 708 XXVII
1737 662 1779 706 m.
1796 643 1873 722 iun,

218 741 393 806 secundum
415 742 654 808 Alexandrinos
685 741 716 808 d.
732 743 848 807 XXIX
871 766 913 808 m.
936 765 1010 829 aug.
1034 765 1064 811 a.
1085 748 1147 809 230
1170 767 1201 830 p.
1219 743 1336 829 Chul).
1383 745 1531 810 librarius
1560 766 1637 810 sane
1666 744 1707 809 ab
1737 767 1777 810 ea
1798 745 1874 831 lege

219 845 379 929 discessit,
412 846 488 910 dum
515 868 598 912 anno
630 848 684 933 qui
713 852 762 912 est
790 847 831 912 ah
860 869 889 912 a.
909 849 994 934 Aug.
1019 847 1204 913 GOLXXX
1230 849 1420 914 undecimus
1450 871 1618 914 numerum
1645 849 1799 914 adscribit
1821 854 1872 916 C‘l

218 949 409 1036 decimoque
440 950 594 1037 deinceps
617 953 765 1036 sequenti
788 955 817 1015 Τ
840 952 979 1035 (150),
1008 951 1093 1016 unde
1117 953 1233 1018 accidit
1254 960 1291 1018 ut
1313 953 1497 1018 consulibus
1519 955 1699 1040 quibusque
1721 955 1749 1018 is
1772 974 1873 1018 annus

218 1056 378 1120 tribuatur
400 1077 463 1142 quo
487 1061 635 1120 currente
660 1057 883 1141 magistratum
906 1056 1055 1121 inierunt.
1102 1057 1160 1122 sed
1183 1057 1267 1122 redit
1289 1059 1322 1123 in
1343 1059 1463 1143 legem,
1487 1079 1559 1122 cum
1576 1065 1649 1123 octo
1666 1058 1757 1122 annis
1772 1058 1871 1121 inter-

218 1160 323 1224 missis
356 1180 524 1224 numerum
552 1163 589 1223 ΤΙ
614 1160 650 1244 (l.
668 1163 733 1243 57¹)
756 1162 856 1247 ponit.
912 1162 998 1225 Anni
1023 1162 1256 1248 imperatorum
1285 1163 1459 1227 secundum
1489 1182 1612 1226 morem
1635 1161 1873 1248 Aegyptiorum

218 1271 307 1329 recte
340 1264 556 1350 adponuntur:
591 1285 656 1328 non
679 1263 880 1350 Stephanum
902 1266 1091 1351 adposuisse
1120 1266 1192 1331 hinc
1221 1274 1359 1354 apparet
1387 1266 1474 1352 quod
1496 1266 1647 1353 Philippo
1671 1266 1719 1330 VI
1750 1272 1874 1331 tantum

219 1369 304 1450 anni,
328 1368 422 1433 Gallo
446 1373 512 1432 tres
526 1366 759 1451 adscribuntur,
784 1371 904 1435 cumin
924 1391 1038 1456 regum
1055 1371 1167 1436 tabula
1182 1370 1378 1437 Heracliana
1395 1371 1538 1456 Philippi
1559 1371 1622 1434 sint
1637 1370 1712 1452 VII,
1737 1370 1824 1435 Galli
1840 1371 1874 1434 II

219 1473 302 1536 anni.
347 1478 444 1558 atquo
468 1471 623 1536 hocloco
647 1473 707 1536 viri
730 1472 816 1538 docti
839 1474 884 1537 ita
907 1474 1106 1560 corrigentis,
1130 1481 1165 1540 ut
1189 1482 1222 1540 et
1245 1495 1317 1540 cum
1334 1475 1575 1560 tabularegum
1592 1481 1714 1539 etcum
1732 1475 1874 1539 Theonis

219 1596 310 1640 more
342 1575 398 1662 (cf.
425 1596 456 1661 p.
473 1575 549 1659 371)
585 1577 660 1638 0001
687 1574 910 1662 Augustorum
940 1578 1173 1659 consentirent,
1208 1579 1346 1663 vestigia
1374 1578 1461 1642 haud
1490 1578 1627 1643 obscura
1653 1579 1767 1644 relicta
1791 1585 1873 1643 sunt.

219 1681 350 1744 minoris
375 1681 527 1744 momenti
551 1679 710 1766 estquod
733 1682 880 1745 consulas
903 1682 979 1745 anni
995 1685 1056 1746 218
1079 1683 1112 1746 10
1135 1684 1280 1768 margine
1304 1682 1420 1746 dextro
1445 1683 1537 1746 150
1560 1684 1605 1746 010
1628 1685 1817 1770 supplentur

791 1797 966 1880 Φίλιππος
987 1798 1067 1888 τόγ
1197 1808 1222 1868 Ε

788 1902 845 1970 καὶ
864 1905 1039 1985 Φίλιππος
1060 1901 1099 1972 τὸ
1122 1893 1152 1990 ᾖ
1193 1911 1232 1990 ξ,

221 2027 277 2092 ubi
302 2025 426 2093 duobus
450 2027 551 2109 annis,
574 2047 639 2091 uon
662 2029 687 2101 ἓ
710 2027 814 2090 solum
838 2027 950 2111 quire
974 2048 1051 2092 vera
1076 2029 1211 2093 omissus
1234 2029 1549 2110 01010000110οξ,
1572 2027 1722 2093 indicatis
1738 2027 1876 2092 efficitur

220 2138 256 2196 ut
278 2132 420 2219 Philippi
444 2132 614 2218 imperium
644 2131 686 2194 ad
713 2151 815 2193 annos
837 2137 964 2216 septem
991 2131 1197 2217 producatur.
1242 2134 1359 2198 certius
1384 2140 1417 2199 ct
1439 2134 1568 2218 gravius
1592 2139 1657 2214 est,
1687 2130 1774 2217 quod
1797 2152 1876 2196 mox

221 2236 316 2301 150
339 2235 464 2300 duobus
487 2236 578 2316 locis,
610 2239 646 2298 ut
672 2255 769 2319 supra
791 2233 1015 2318 indicavimus,
1045 2238 1100 2300 lex
1128 2237 1161 2300 in
1187 2237 1249 2302 hac
1278 2244 1370 2324 parto
1395 2236 1566 2301 observata
1588 2237 1736 2318 violatur,
1765 2241 1874 2299 0100-

222 2339 361 2404 cundum
372 2338 514 2403 Theonis
529 2338 676 2422 regulam
693 2339 840 2402 consules
856 2341 930 2404 anni
950 2363 982 2426 p.
997 2341 1071 2406 Chr.
1084 2345 1145 2406 261
1163 2362 1246 2407 anno
1262 2341 1402 2406 Gallieni
1410 2340 1503 2422 VIII,
1519 2340 1740 2427 Augustorum
1749 2340 1875 2422 OOXG,

222 2443 369 2507 consules
403 2443 478 2507 anni
500 2463 532 2528 p.
554 2439 628 2506 Ohr.
651 2445 709 2505 271
743 2462 826 2506 0000
850 2442 1018 2508 Aureliani
1041 2444 1089 2526 ΙΙ,
1120 2445 1343 2531 Augustorum
1368 2445 1450 2510 CCC
1480 2444 1712 2510 adscribantur.
1765 2446 1875 2530 itaque

221 2555 423 2612 astronomus
454 2568 527 2611 cum
558 2546 738 2610 dissensum
771 2545 902 2610 canonis
934 2551 967 2610 et
999 2547 1154 2612 fastorum
1183 2549 1298 2614 tollere
1326 2549 1487 2631 studeret,
1522 2549 1616 2613 simul
1643 2549 1745 2614 sensit
1767 2549 1875 2633 legem

222 2652 364 2717 Theonis
387 2651 515 2717 violari:
540 2651 594 2736 qui
617 2671 690 2716 cum
713 2657 816 2715 totam
837 2650 922 2715 hanc
937 2652 1094 2717 fastorum
1117 2659 1243 2739 partem
1259 2659 1436 2717 retractare
1454 2653 1564 2735 nollet,
1589 2652 1768 2718 dissensum
1784 2653 1874 2715 illum

221 2756 338 2821 frustra
366 2761 560 2842 temptatum
595 2754 738 2840 reliquit,
770 2754 913 2819 Theonis
942 2756 1008 2840 legi
1031 2756 1147 2821 saltem
1176 2758 1299 2822 curavit
1325 2763 1361 2821 ut
1389 2757 1529 2843 proximi
1551 2759 1676 2822 numeri
1700 2755 1817 2822 GOXO
1842 2763 1875 2820 et

223 2859 306 2925 000
335 2865 497 2946 parerent.
549 2858 640 2932 Quae
674 2859 700 2923 si
732 2864 820 2923 recte
851 2857 1075 2941 iudicavimus,
1109 2861 1174 2924 iam
1205 2867 1342 2947 apparet
1372 2860 1573 2947 Stephanum
1608 2861 1691 2926 hanc
1721 2862 1876 2925 fastorum

222 2969 348 3049 partem
371 2985 455 3051 quae
486 2963 529 3027 ad
551 2962 790 3027 Diocletianum
821 2983 923 3048 usque
947 2961 1163 3048 protenditur,
1197 2966 1296 3029 talem
1320 2966 1526 3051 proposuisse
1550 2966 1680 3052 qualem
1703 2971 1877 3050 acceperat

223 3074 257 3131 et
279 3074 410 3154 praeter
431 3070 539 3133 levem
562 3067 652 3131 illum
677 3064 871 3130 emendandi
894 3073 1045 3131 conatum
1068 3068 1164 3154 plane
1188 3068 1342 3132 intactam
1366 3069 1549 3155 reliquisse;
1573 3066 1675 3133 additi
1697 3069 1795 3153 igitur
1810 3069 1876 3132 iam

222 3177 298 3235 ante
323 3171 524 3258 Stephanum
547 3171 622 3234 anni
644 3176 677 3233 et
699 3170 897 3255 singulorum
920 3171 1151 3257 imperatorum
1176 3179 1209 3235 ct
1231 3173 1452 3258 Augustorum
1476 3180 1576 3236 erant.

326 3275 407 3340 Inde
431 3297 451 3339 0
473 3274 679 3352 Diocletiano
703 3280 906 3338 astronomus
933 3273 1041 3360 prodit
1069 3282 1217 3360 tempora
1246 3274 1423 3340 discribens
1445 3277 1465 3340 i.
1483 3297 1510 3340 e.
1535 3274 1728 3361 Stephanus.
1774 3295 1877 3360 appo-

222 3385 341 3443 nuntur
363 3399 427 3444 non
451 3379 555 3443 solum
579 3378 653 3442 anni
676 3398 695 3441 a
715 3376 921 3443 Diocletiano
946 3377 1085 3462 deducti,
1109 3401 1244 3466 quorum
1260 3387 1387 3445 constat
1408 3382 1441 3446 in
1456 3382 1609 3467 Aegypto
1625 3381 1767 3444 maxime
1784 3401 1877 3445 usum

222 3482 370 3568 fuisse²)‚
396 3483 575 3548 sedetiam
598 3483 672 3546 anni
695 3480 839 3568 Philippi
861 3481 1005 3562 Aridaei,
1030 3484 1145 3569 quibus
1161 3484 1352 3550 Ptolemaeo
1377 3490 1508 3549 auctore
1531 3485 1708 3548 astronomi
1723 3485 1771 3549 uti
1787 3484 1874 3548 sole-

221 3586 310 3651 bant.
357 3587 462 3674 eiquc,
489 3594 600 3652 contra
623 3592 720 3672 atque
743 3585 777 3649 in
799 3585 905 3671 priore
928 3593 1022 3672 parte
1043 3587 1113 3652 fieri
1137 3589 1229 3670 solet,
1252 3589 1317 3653 iam
1340 3589 1516 3653 secundum
1539 3588 1681 3652 Theonis
1703 3588 1812 3673 legem
1834 3589 1879 3652 sic

223 3693 266 3756 ad
289 3694 436 3757 consules
460 3692 652 3773 referuntur,
675 3698 711 3756 ut
732 3691 759 3755 is
782 3713 883 3755 annus
906 3713 969 3777 quo
986 3699 1134 3757 currente
1157 3694 1382 3778 magistratum
1401 3693 1540 3758 inierunt
1557 3693 1740 3756 consulibus
1756 3691 1877 3756 adscri-

223 3797 332 3862 batur:
357 3799 446 3862 relut
468 3797 665 3862 Diocletiani
688 3816 789 3860 annus
812 3795 830 3859 I
852 3796 993 3882 Philippi
1015 3796 1161 3861 DOVIII
1191 3798 1246 3882 qui
1269 3798 1377 3883 coepit
1400 3796 1429 3862 d.
1446 3796 1531 3861 XIII
1554 3818 1596 3861 m.
1620 3797 1774 3878 100281,
1799 3817 1875 3860 000-

223 3901 345 3966 sulibus
370 3902 444 3966 anni
465 3905 526 3967 285
551 3901 709 3965 tribuitur.
756 3899 954 3984 singulorum
977 3901 1208 3986 imperatorum
1231 3902 1305 3966 anni
1327 3902 1423 3988 plane
1447 3901 1757 3987 praetermittuntur,
1781 3921 1822 3964 ne
1846 3901 1877 3964 in

223 4005 424 4091 marginibus
447 4004 577 4092 quidem
606 4025 742 4089 usquam
772 4004 892 4068 mentio
921 4004 966 4068 fit.
1012 4003 1071 4069 sed
1094 4003 1252 4070 accedunt
1274 4006 1338 4069 iam
1361 4004 1572 4070 indictionum
1595 4006 1670 4069 anni
1693 4005 1780 4091 quini
1804 4003 1878 4068 deni

224 4110 255 4173 in
285 4110 484 4195 marginibus
513 4109 648 4173 sinistris
675 4129 800 4171 summa
828 4129 900 4172 oum
928 4130 1005 4172 cura
1031 4107 1176 4173 adnotati
1198 4115 1296 4195 atque
1320 4108 1438 4173 eadem
1461 4110 1535 4194 lege
1559 4129 1623 4194 qua
1646 4110 1721 4172 anni
1743 4108 1876 4173 Diocle-

224 4213 303 4276 tiani
326 4219 360 4276 et
381 4213 524 4299 Philippi
547 4212 781 4293 adscribuntur,
805 4211 836 4274 h.
855 4231 883 4275 e.
907 4217 942 4275 ut
965 4214 1148 4277 consulatus
1171 4213 1305 4299 quisque
1323 4234 1363 4277 ea
1379 4219 1509 4277 notetur
1530 4213 1705 4277 indictione
1723 4233 1787 4299 qua
1807 4233 1878 4276 cur-

224 4324 316 4381 rente
340 4319 541 4381 renuntiatus
565 4323 623 4382 001.
669 4315 702 4380 hi
723 4316 850 4380 numeri
873 4321 940 4379 tum
964 4316 1094 4380 demum
1125 4315 1277 4402 adscripti
1301 4322 1389 4397 sunt,
1420 4322 1592 4403 postquam
1616 4323 1778 4382 corrector
1800 4316 1880 4379 vitia

224 4441 244 4484 a
265 4421 395 4486 librario
420 4423 591 4487 commissa
613 4419 807 4485 emendavit.
846 4419 920 4484 ideo
943 4420 1018 4485 inde
1035 4443 1055 4485 a
1074 4421 1096 4486 1.
1111 4425 1167 4485 57ν
1180 4425 1217 4485 21
1243 4442 1345 4507 usque
1367 4421 1409 4485 ad
1431 4428 1611 4486 extremam
1628 4426 1669 4485 M
1683 4424 1758 4485 202τ
1781 4421 1877 4507 plane

225 4525 358 4609 desunt,
390 4527 510 4613 quippe
539 4527 612 4590 loco
642 4527 688 4590 eis
716 4525 799 4589 vitiis
830 4525 1038 4610 pessumdato
1066 4534 1102 4590 ut
1126 4525 1363 4613 desperandum
1387 4526 1559 4590 correctori
1583 4529 1678 4589 esset.
1724 4523 1782 4588 sed
1805 4522 1880 4589 inde

225 4650 245 4692 a
261 4634 304 4693 M
316 4633 394 4694 202*
409 4631 526 4694 iterum
542 4635 702 4716 apparent
718 4635 752 4693 et
767 4648 826 4713 per
841 4629 982 4714 reliquos
998 4651 1099 4695 annos
1115 4631 1183 4694 sine
1199 4631 1264 4695 ullo
1282 4650 1391 4694 errore
1409 4630 1642 4694 continuantur.
1680 4627 1881 4693 deducuntur

224 4740 334 4797 autem
363 4734 394 4796 in
421 4734 472 4797 his
501 4733 592 4798 lastis
620 4732 810 4798 indictiones
839 4754 903 4797 non
932 4741 968 4798 01
995 4733 1203 4820 exspectes³)
1233 4734 1274 4799 ab
1298 4754 1381 4797 anno
1407 4737 1479 4814 312,
1510 4733 1568 4796 sed
1591 4753 1611 4796 a
1633 4732 1698 4796 kal.
1722 4737 1804 4818 sept.
1828 4731 1881 4795 vel

224 4839 330 4923 potius
354 4858 373 4900 a
395 4839 499 4924 primo
523 4839 641 4902 mensis
665 4837 758 4901 thoth
782 4837 835 4900 die
859 4838 933 4900 anni
956 4842 1028 4922 282,
1057 4841 1084 4903 01
1107 4840 1237 4926 quidem
1261 4841 1364 4925 prima
1386 4837 1579 4902 adscribitur
1602 4836 1784 4902 oonsulibus
1808 4836 1881 4898 anni

225 4945 287 5007 283
312 4942 347 5026 (f.
364 4941 441 5028 571).
486 4941 572 5029 quod
601 4964 674 5007 cum
702 4942 744 5006 ab
773 4948 958 5006 astronomo
990 4951 1022 5007 01
1052 4944 1299 5029 chronographo
1330 4944 1510 5007 institutum
1539 4942 1594 5021 sit,
1625 4942 1724 5026 ipsius
1747 4941 1794 5004 rei
1817 4961 1882 5002 non

223 5046 328 5131 magis
351 5047 568 5111 testimonium
596 5053 646 5110 est
668 5066 764 5132 quam
789 5045 875 5133 quod
896 5048 930 5111 in
953 5048 1102 5114 chronico
1125 5050 1270 5136 paschali
1292 5069 1323 5135 p.
1340 5052 1402 5112 355
1425 5067 1501 5112 0000
1524 5044 1732 5110 indictionum
1756 5065 1776 5108 0
1798 5045 1881 5108 Iulio

225 5148 367 5214 Caesare
390 5151 558 5237 repetitur.

229 5275 354 5282 ι--.-.

331 5341 350 5406 ι)
374 5343 442 5408 quod
464 5345 491 5393 in
513 5343 601 5410 primis
623 5343 708 5394 statim
732 5345 845 5394 numeris
868 5347 885 5397 1.
898 5345 968 5402 55v.
987 5351 1121 5412 peccatum
1145 5353 1191 5409 001,
1216 5346 1290 5397 100110
1313 5344 1458 5410 corrigitur.
1494 5359 1617 5392 numerus
1640 5341 1708 5408 prior
1726 5339 1757 5395 Δ
1777 5339 1822 5405 qui
1842 5347 1882 5390 001

224 5446 351 5480 annorum
371 5431 494 5480 Antonini
514 5429 648 5497 Elagsbnli
666 5437 712 5480 001
729 5430 829 5482 alienus
847 5441 886 5482 est
903 5433 936 5482 ab
955 5433 1002 5483 hac
1020 5431 1110 5483 tabula
1129 5441 1175 5482 sut
1192 5451 1216 5482 v.
1232 5431 1250 5482 2
1268 5433 1403 5499 ponendus
1421 5439 1482 5482 erat.
1518 5430 1561 5480 cui
1579 5429 1624 5494 qui
1641 5427 1790 5491 adiungitur
1803 5420 1882 5482 CsiB
1982 5419 1986 5430 ’

224 5533 257 5566 cx
275 5511 357 5572 CNB
381 5524 516 5582 corruptus
539 5517 572 5567 ad
594 5515 703 5581 primum
728 5531 825 5566 annum
844 5517 985 5568 Alexandri
1002 5518 1089 5567 80ιο0
1115 5519 1233 5583 partinet.
1340 5515 1363 5578 ²)
1385 5519 1418 5568 ol.
1442 5519 1472 5568 L.
1491 5516 1573 5566 Idelar
1591 5513 1697 5564 Haudb.
1715 5514 1741 5565 d.
1762 5513 1884 5564 011νο001,

110 5683 113 5698 .
227 5601 309 5664 1,161
319 5619 374 5667 sqq.
393 5599 418 5666 2,
429 5601 480 5654 135
489 5619 529 5667 sq.
619 5603 640 5668 ²)
659 5605 691 5654 cl.
711 5605 741 5653 L.
758 5603 839 5654 ldeler
858 5605 874 5656 l.
886 5622 907 5656 s.
927 5603 950 5669 l,
960 5601 1012 5656 352
1021 5621 1077 5670 sqq.
