4554 6314
328 344 367 399 VI
1049 343 1267 402 PRAEFATIO.
1362 351 1365 358 ’

328 543 454 616 iustum
479 544 744 633 [tundamentum
765 543 861 633 desit,
888 545 1037 616 maninus
1060 543 1145 616 libro
1160 544 1394 634 uenerationis
1411 543 1539 630 (uol.1
1561 567 1598 634 p.
1613 541 1810 628 89—140)
1835 541 1987 613 etalteri

327 673 510 766 peneolopo
544 673 664 762 (noll
690 698 729 765 p.
744 676 979 763 160-196);
1008 677 1069 746 sed
1100 674 1139 746 id
1170 674 1353 763 ferondmn
1378 674 1463 763 fuit,
1499 695 1542 743 nc
1570 674 1726 764 corporis
1757 671 1866 744 noshu'
1900 671 1986 762 leues

329 803 610 875 subverterentur.
663 802 887 876 nihilominus
928 804 1245 878 commentariorum
1273 803 1435 893 duorum,
1475 803 1604 876 scilicet
1638 801 1869 875 consularium
1895 800 1983 872 Con·

329 915 712 1024 stantiuopolitanorum
744 929 882 1019 (noll
917 955 956 1026 p.
981 932 1215 1024 eoo-245)
1257 940 1288 1005 ct
1328 932 1567 1006 chronicorum
1599 930 1802 1004 Marcellini
1840 929 1985 1020 (coll

324 1087 364 1154 p.
389 1063 560 1149 64-70)
592 1085 667 1133 cum
694 1068 804 1134 entem
837 1069 1010 1154 tamarcem
1039 1064 1169 1136 alterae
1209 1064 1424 1152 recensiones
1451 1063 1583 1136 Graece
1618 1062 1780 1154 scriptae,
1819 1085 1877 1134 eas
1917 1083 1986 1133 uon

329 1193 494 1282 recensui,
521 1193 580 1263 sed
597 1190 739 1264 Latinis
765 1195 923 1285 apposui.
964 1196 1111 1286 denique
1130 1195 1168 1265 in
1194 1195 1297 1283 fustis
1320 1193 1575 1284 consularibus,
1605 1193 1665 1285 qui
1691 1191 1849 1264 laterurli
1875 1193 1985 1283 mapis

329 1321 582 1394 tabulariorum
608 1328 688 1394 suut
715 1344 819 1414 quarn
845 1325 976 1416 scripta
1003 1329 1194 1412 auctorum,
1223 1322 1424 1414 linguarum
1451 1320 1680 1394 diversitatem
1705 1319 1846 1412 insuper
1872 1318 1984 1391 haberi.

434 1449 494 1522 Aa
528 1451 678 1543 sinpulos
717 1457 884 1525 tractatus
920 1475 1006 1544 quae
1035 1453 1207 1525 monenda
1245 1453 1323 1524 nisa
1360 1457 1440 1525 suut
1476 1474 1552 1523 cum
1587 1450 1676 1542 ipsis
1710 1449 1985 1545 praeposuerim,

329 1582 391 1655 hoe
423 1581 496 1655 loco
530 1581 590 1654 oin
625 1582 729 1654 habeo
766 1583 808 1653 de
841 1582 952 1674 aperis
984 1584 1117 1656 ratione
1147 1583 1312 1655 uniuersa
1346 1585 1436 1674 quod
1471 1582 1611 1654 addam.
1665 1581 1756 1672 meod
1789 1577 1909 1651 attinet
1939 1579 1986 1648 ad

331 1711 552 1783 auctoritates
582 1712 773 1804 euipendas,
795 1714 956 1805 priorum
982 1703 1145 1808 enpilatio
1160 1705 1262 1808 “cum
1274 1737 1343 1806 per
1374 1713 1434 1784 hoc
1468 1711 1660 1785 litterarum
1685 1732 1792 1802 penus
1819 1709 1985 1780 latissime

324 1847 461 1932 pateat,
493 1841 611 1913 sedulo
639 1842 776 1930 curaui,
811 1847 849 1914 ut
881 1865 969 1934 qnae
999 1843 1220 1936 reperiuntur
1249 1849 1387 1936 sumpta
1417 1866 1459 1915 en
1490 1841 1590 1914 libris
1622 1842 1682 1933 qui
1713 1839 1825 1912 adhuc
1864 1861 1984 1931 super·

329 1976 424 2059 sunt,
458 1973 507 2043 ad
533 1994 574 2043 ea
600 1977 718 2044 auctor
744 1972 996 2045 adscriberetur
1021 1979 1053 2046 el
1081 1975 1133 2046 ita
1158 1978 1345 2062 caveretur,
1378 1996 1421 2045 ne
1452 1974 1545 2065 quis,
1570 1978 1608 2043 ut
1642 1970 1754 2043 adhuc
1787 1970 1986 2062 saepissime

329 2103 463 2193 sactum
496 2106 559 2192 est,
593 2125 636 2174 en
661 2101 832 2193 Prospera
866 2102 1043 2195 adleporet
1075 2127 1163 2196 puae
1196 2109 1306 2176 essent
1334 2101 1625 2196 Hieronymiaua,
1660 2123 1702 2173 eu
1727 2099 1865 2173 Isidoro
1900 2119 1987 2191 quoe

330 2232 499 2324 Eutropii
532 2238 563 2303 et
597 2234 649 2304 sie
686 2233 852 2324 uleinceps.
910 2241 945 2305 ot
980 2257 1070 2326 quae
1109 2234 1310 2323 reseruutur
1349 2234 1445 2325 apud
1483 2238 1640 2306 auderes
1673 2235 1814 2327 nostros
1848 2228 1986 2300 aliumlc

331 2368 482 2454 sumpta,
513 2385 553 2433 en
577 2363 668 2434 unde
694 2363 848 2450 ueniant,
876 2370 1043 2454 quatenus
1064 2365 1336 2455 proficiscantur
1362 2362 1568 2454 suscriptis
1596 2360 1792 2453 deperditis,
1820 2364 1987 2451 quaten-m

332 2516 374 2564 en
405 2493 556 2564 auctoris
587 2493 700 2584 ipsius
732 2494 901 2565 memoria
934 2501 966 2566 et
1003 2496 1141 2582 notitia,
1183 2495 1221 2566 id
1253 2515 1462 2586 quamquam
1495 2491 1534 2562 iu
1559 2489 1791 2582 praemonitis
1825 2488 1879 2560 hic
1911 2487 1987 2559 illic

332 2621 441 2713 teupi,
464 2621 569 2713 plene
594 2644 667 2693 uon
687 2607 889 2713 persecutus
913 2647 1008 2713 sum,
1045 2646 1151 2716 neque
1176 2625 1301 2717 opinor
1330 2622 1545 2715 quaestiones
1571 2643 1629 2692 eae
1653 2641 1730 2692 uere
1756 2619 1914 2708 infinitae
1941 2619 1988 2689 ad

333 2751 491 2824 editorem
512 2753 698 2843 pertinent.
742 2753 890 2840 accedit,
916 2754 1010 2844 quod
1034 2753 1088 2826 uel
1113 2752 1260 2826 manime
1284 2753 1428 2824 redeunt
1455 2752 1501 2822 ad
1520 2749 1712 2822 Eusebium
1734 2747 1987 2841 Hieronymum

333 2881 514 2952 annalium
533 2883 767 2974 posteriorum
797 2886 974 2974 tamquam
1005 2885 1265 2975 antesipnanurn
1295 2883 1335 2952 iu
1367 2882 1455 2954 hanc
1485 2881 1633 2974 syllopen
1667 2903 1736 2951 non
1763 2886 1934 2972 receptum
1957 2885 1988 2950 ct

333 3013 424 3103 quod
449 3013 496 3082 ad
522 3035 580 3084 eas
600 3013 871 3104 pertractandas
889 3017 960 3083 tam
977 3011 1100 3084 Latini
1128 3035 1232 3104 quam
1253 3011 1381 3085 Gracci
1408 3017 1562 3084 auctores
1585 3009 1776 3101 aequaliter
1801 3009 1988 3082 adhibendi

331 3147 422 3214 suut.

435 3269 576 3344 Indices
600 3276 638 3343 ut
657 3277 755 3363 patet
779 3272 911 3364 requiri
938 3272 977 3344 in
1004 3272 1105 3344 huius
1128 3269 1264 3363 pencris
1290 3293 1441 3364 corpore,
1468 3272 1519 3343 ita
1535 3291 1607 3342 uon
1628 3268 1741 3341 miuus
1761 3273 1890 3362 quauta
1915 3269 1987 3360 dif-

333 3401 485 3492 ficultate
514 3400 747 3492 perficiantur
773 3399 922 3472 unanime
951 3398 989 3470 in
1018 3397 1181 3492 partibus
1200 3405 1345 3490 propter
1376 3423 1517 3474 causam
1541 3422 1653 3492 surpra
1679 3397 1834 3471 adlatam
1860 3399 1987 3492 imper-

333 3531 444 3622 fectis,
471 3528 601 3603 scilieet
627 3528 725 3602 libris
747 3529 976 3621 penerationis
1004 3533 1035 3600 et
1057 3527 1250 3618 pencaloaa
1280 3531 1339 3621 qui
1364 3530 1486 3620 referti
1499 3535 1591 3616 sunt
1616 3528 1791 3602 uocabulis
1816 3530 1990 3620 corruptis

334 3660 462 3732 lunatis
491 3657 704 3731 monstrosis.
753 3659 870 3751 itaque
902 3683 925 3729 a
956 3658 1193 3750 prammatieis
1224 3664 1255 3730 et
1281 3659 1396 3733 lexicis
1425 3662 1464 3732 in
1496 3659 1633 3732 uduutis
1666 3659 1756 3732 hisce
1787 3659 1989 3730 tractatibus

334 3796 511 3862 auctorum
535 3788 767 3880 plurimarum
789 3794 821 3860 et
847 3795 994 3880 tempere
1021 3786 1139 3860 indole
1166 3788 1302 3862 cnrltura
1330 3789 1646 3862 diuersissimorum
1672 3787 1843 3875 abstinui·
1870 3794 1989 3860 contro

335 3920 507 3991 leoninum
526 3917 739 4010 locorumque
760 3917 909 4007 uomina,
935 3923 973 3988 ut
999 3918 1078 4007 fieri
1100 3917 1223 4010 potuit,
1250 3921 1349 3992 iussu
1370 3942 1442 3992 meo
1469 3918 1655 4014 composuit
1672 3918 1848 3991 lebannes
1869 3917 1990 3991 Lucas

334 4050 465 4122 iuuenis
491 4054 649 4121 strenuus
675 4054 707 4120 et
731 4047 862 4120 sollers.
911 4045 1019 4119 multa
1045 4047 1079 4119 si
1104 4048 1214 4121 iniis
1241 4049 1536 4141 deprehendentur
1562 4054 1623 4121 out
1648 4047 1779 4122 medela
1802 4045 1989 4140 indipentia

335 4186 395 4252 aut
414 4177 513 4251 nulla
537 4178 710 4251 modiciua
728 4178 898 4267 sananda,
920 4200 962 4249 ea
981 4176 1082 4268 aequi
1102 4176 1231 4251 iudices
1254 4178 1443 4270 intellepent
1450 4184 1595 4272 propter
1612 4179 1738 4270 incepti
1759 4177 1990 4250 condicionem

336 4333 406 4383 nau
433 4309 589 4402 potense
615 4309 749 4382 coitari.
787 4307 860 4399 ipse
887 4328 928 4378 eu
956 4304 1126 4378 indicibus
1151 4307 1236 4380 mihi
1263 4310 1435 4380 reseruari
1462 4307 1617 4400 quintum
1643 4305 1833 4394 consulum,
1860 4305 1899 4376 in
1925 4330 1990 4398 quo

337 4441 423 4533 quid
455 4444 587 4512 semotus
618 4438 702 4528 sim,
735 4437 773 4508 iu
802 4435 1007 4528 praemissis
1039 4439 1192 4529 exposui.
1242 4443 1390 4509 cntremo
1418 4438 1490 4512 laco
1516 4437 1669 4510 codicmn
1696 4457 1764 4528 per
1793 4437 1990 4511 uniumsom

336 4569 485 4665 spllopeu
512 4567 744 4640 adhibitorum
770 4567 973 4642 laterculum
999 4567 1136 4642 adicere
1161 4566 1243 4640 utile
1267 4567 1380 4641 visum
1409 4575 1467 4642 est.

442 4698 540 4772 Haec
567 4721 700 4792 quoque
725 4696 903 4771 uolumina
928 4704 966 4770 ut
993 4698 1068 4771 alia
1093 4721 1116 4770 u
1141 4721 1194 4771 me
1220 4696 1310 4770 edita
1341 4719 1412 4770 nou
1444 4704 1516 4770 tam
1546 4721 1623 4773 urea
1653 4723 1759 4792 opera
1789 4697 1886 4789 sactu
1911 4701 1992 4770 suut

337 4852 442 4925 quom
474 4851 550 4902 meo
579 4829 849 4920 amicorumque,
887 4849 1031 4919 quuum
1061 4827 1160 4900 multi
1191 4850 1245 4900 mc
1276 4829 1480 4900 adiuuermnt
1511 4834 1582 4900 tam
1612 4830 1650 4900 in
1679 4828 1799 4922 patria
1824 4849 1928 4920 quam
1952 4827 1992 4897 in

336 4962 447 5034 Italia
476 4960 595 5033 Gallia
613 4958 745 5052 Anplia
773 4959 933 5050 depentes.
973 4981 1030 5030 eos
1055 4963 1093 5030 ut
1115 4980 1176 5029 suo
1203 4980 1367 5050 quemque
1392 4957 1465 5030 loco
1490 4959 1686 5048 nominaui,
1714 4962 1766 5032 ita
1791 4959 1853 5030 hoc
1879 4977 1992 5028 omues

337 5091 494 5187 componi
520 5090 736 5162 ambitiosum
760 5089 862 5178 foret.
902 5091 1014 5162 sciunt
1044 5088 1113 5180 ipsi
1135 5093 1236 5179 prato
1264 5087 1375 5160 maimo
1405 5090 1672 5180 rmiuscuiusque
1701 5088 1910 5161 adirotorium
1940 5107 1993 5158 nee

336 5219 524 5298 recordari.

527 5371 735 5447 Berole'ni

440 5530 484 5578 m.
503 5503 639 5576 Martio
665 5527 698 5576 a.
712 5506 821 5576 1898.
