4634 6286
398 365 440 426 90
992 361 1123 416 GILDAS
1144 360 1190 416 DE
1210 361 1468 417 Peuurruurln.

344 539 380 598 14
503 533 678 599 Sciendum
708 540 758 599 est
786 540 911 616 tamen,
948 535 1033 622 quod
1057 541 1176 622 quanto
1212 535 1281 621 quis
1315 541 1463 620 tempore
1499 542 1641 600 moratur
1670 537 1702 600 in
1729 537 1886 621 peccatis,
1911 541 2002 600 tanto
2027 535 2058 599 ci

399 636 552 722 augenda
573 637 752 722 penitentia
776 643 835 702 est.

346 779 381 839 15
506 774 540 839 Si
563 776 613 838 cui
635 775 799 860 inponitur
822 794 903 860 opus
926 774 1057 860 aliquod
1081 783 1114 839 et
1137 782 1340 862 contemptus
1363 777 1468 862 gratis
1491 776 1569 843 illud
1593 798 1657 842 non
1681 777 1803 856 fecerit,
1828 799 1909 842 cene
1931 782 2056 850 carcat;

401 879 528 943 sivero
553 879 725 960 oblivione,
750 877 936 942 demedium
960 878 1111 943 cotidiani
1133 880 1245 944 rictus.

343 1023 379 1084 16
503 1019 538 1084 Si
561 1026 669 1085 autem
693 1027 799 1085 sumat
822 1021 954 1085 alterius
978 1042 1074 1106 opus,
1098 1019 1178 1085 illud
1198 1027 1311 1086 notum
1334 1022 1433 1086 faciat
1462 1023 1551 1087 abati
1581 1042 1653 1084 cum
1676 1019 1885 1100 verecundia,
1916 1025 2056 1105 excepto

399 1145 438 1188 ec
462 1125 549 1189 nullo
573 1124 726 1188 audiente
751 1130 784 1188 et
807 1124 851 1188 sic
874 1130 1021 1210 peragat,
1045 1125 1071 1188 si
1094 1124 1233 1190 iubetur.

344 1266 379 1325 17
501 1262 585 1326 Nam
617 1263 671 1348 qui
699 1264 780 1326 iram
809 1260 906 1326 corde
937 1263 1038 1326 multo
1071 1269 1216 1350 tempore
1248 1264 1379 1336 retinet,
1413 1263 1443 1327 in
1473 1269 1576 1328 morte
1601 1269 1659 1326 est.
1705 1263 1731 1325 si
1754 1268 1863 1325 autem
1887 1262 2058 1325 confltetur

400 1372 587 1452 peccatum,
611 1365 671 1428 XL
694 1365 831 1446 ieiunet,
855 1371 888 1428 et
911 1366 936 1428 si
959 1366 1043 1429 ultra
1065 1367 1098 1431 in
1121 1373 1256 1452 peccato
1279 1368 1441 1453 persistat,
1464 1367 1498 1430 lI
1521 1366 1581 1430 XL
1590 1387 1673 1446 mas,
1704 1372 1737 1429 et
1767 1366 1793 1428 si
1822 1363 1909 1429 idem
1932 1365 2056 1446 lecerit,

402 1470 587 1536 abscidatur
609 1491 628 1533 a
651 1490 786 1555 corpore
811 1469 892 1533 sicut
914 1470 1096 1535 membrum
1118 1470 1302 1556 putredurn‚
1327 1473 1402 1558 quia
1425 1473 1513 1537 furor
1535 1471 1744 1536 homicidium
1768 1470 1875 1534 nutrit.

344 1611 381 1672 18
505 1607 656 1672 Offensus
689 1608 758 1691 quia
792 1608 833 1672 ab
864 1608 972 1692 aliquo
1005 1609 1105 1674 debet
1136 1610 1198 1674 hoc
1227 1609 1370 1674 indicare
1398 1609 1501 1692 abati,
1538 1631 1603 1674 nou
1636 1615 1745 1673 tamen
1773 1608 1968 1687 accusantis,
1998 1604 2058 1670 scd

399 1711 561 1776 medentis
585 1710 715 1792 affectu,
740 1717 772 1774 et
796 1712 874 1775 abas
898 1710 1060 1776 decernat.

345 1852 381 1912 19
505 1848 567 1922 Qui
589 1871 653 1913 non
677 1849 814 1913 occurrit
837 1849 878 1912 ad
902 1851 1222 1932 consummationem,
1246 1855 1341 1915 canat
1362 1849 1446 1914 VIII
1472 1850 1504 1913 in
1528 1849 1640 1914 ordine
1664 1850 1822 1935 psalmos;
1847 1850 1872 1913 si
1896 1849 2057 1912 excitatus

400 1956 510 2019 veniat
532 1960 605 2040 post
628 1955 753 2032 misam,
779 1953 929 2039 quicquid
953 1961 1164 2018 cantaverunt
1188 1955 1324 2040 replicet
1348 1977 1389 2018 ox
1414 1953 1525 2018 ordine
1550 1954 1676 2018 fratres.
1721 1954 1846 2018 sivero
1876 1953 1917 2017 ad
1941 1973 2056 2017 sccun-

401 2059 476 2123 dam
499 2059 633 2141 venerit,
658 2079 739 2123 cena
762 2063 881 2123 careat.

342 2197 382 2258 20
505 2195 539 2260 Si
572 2196 641 2281 quis
674 2214 784 2258 errans
819 2195 1065 2258 commotaverit
1097 2193 1217 2278 aliquid
1252 2193 1292 2258 dc
1325 2195 1432 2260 verbis
1460 2197 1558 2260 sacris
1588 2196 1643 2260 ubi
1674 2195 1851 2282 periculum
1874 2193 2058 2272 adnotatur,

401 2299 584 2366 triduanum
607 2304 663 2362 aut
684 2296 737 2362 HI
760 2298 1036 2382 superpositiones
1059 2297 1167 2361 faciat.
1828 2307 1830 2312 ’

342 2439 380 2499 21
506 2435 540 2499 si
564 2455 690 2498 sacrum
713 2439 800 2497 terra
824 2440 916 2497 tenus
941 2432 1138 2518 negligendo
1163 2433 1327 2516 ceciderit,
1352 2456 1432 2498 cena
1456 2443 1574 2502 careat.

341 2577 383 2637 22
507 2574 568 2647 Qui
598 2574 762 2638 voluntate
792 2573 933 2637 obsceno
969 2573 1092 2656 liquore
1124 2572 1302 2635 maculatus
1332 2573 1428 2636 fuerit
1456 2572 1662 2646 dormiendo,
1692 2575 1718 2638 si
1748 2575 1871 2638 cervisa
1899 2579 1932 2636 et
1961 2593 2058 2637 carne

401 2676 569 2741 habundat
603 2676 812 2750 coenubium,
844 2675 897 2740 III
920 2677 1024 2739 noctis
1054 2675 1142 2739 horis
1173 2674 1289 2739 stando
1323 2677 1450 2760 vigilet,
1485 2679 1511 2740 si
1546 2698 1624 2742 sane
1656 2678 1781 2742 virtutis
1811 2683 1868 2740 est.
1924 2677 1950 2740 si
1980 2696 2058 2740 vero

400 2800 579 2866 pauperem
609 2780 730 2843 victum
757 2778 875 2860 habet,
899 2777 1051 2842 XXVIII
1073 2787 1129 2842 aut
1153 2777 1250 2842 XXX
1274 2779 1415 2864 psalmos
1445 2788 1539 2846 canet
1567 2781 1680 2845 stando
1710 2782 1841 2867 suplex,
1873 2787 1928 2844 aut
1958 2801 2058 2866 opere

403 2882 657 2948 extraordinario
681 2882 812 2968 pendat.

343 3023 383 3084 23
505 3019 569 3083 Pro
592 3020 684 3084 bonis
707 3021 838 3105 regibus
863 3043 955 3084 sacra
978 3020 1135 3086 debemus
1160 3020 1287 3100 offerre,
1312 3042 1369 3107 pro
1392 3022 1486 3086 malie
1514 3044 1728 3108 nequaquam.

343 3162 382 3222 24
505 3157 683 3222 Presbiteri
705 3178 783 3222 vero
806 3181 865 3245 pro
891 3160 956 3223 suis
981 3159 1140 3246 episcopis
1163 3180 1228 3224 non
1249 3159 1461 3245 prohibentur
1485 3162 1612 3227 offerre.

342 3299 383 3360 25
504 3292 567 3366 Qui
590 3296 733 3380 arguitur
755 3317 813 3382 pro
837 3297 945 3383 aliquo
969 3296 1087 3362 delicto
1112 3303 1145 3362 et
1168 3298 1260 3383 quasi
1289 3298 1509 3364 inconsultans
1533 3299 1723 3379 refrenatur,
1748 3320 1829 3365 cena
1852 3306 1971 3363 carent.

342 3437 382 3498 26
506 3434 569 3508 Qui
594 3436 753 3500 sarculum
780 3437 960 3522 perfrangit
991 3444 1024 3502 et
1053 3444 1128 3501 ante
1159 3437 1337 3503 fracturam
1366 3459 1430 3503 non
1460 3437 1588 3514 habuit,
1617 3442 1673 3501 aut
1699 3435 1779 3500 illud
1802 3436 2058 3501 extraordinario

402 3560 500 3625 opere
523 3541 672 3604 restituat
694 3547 750 3605 aut
771 3547 980 3627 superponat.

342 3678 382 3739 27
506 3675 568 3749 Qui
596 3676 713 3741 viderit
741 3678 882 3763 aliquem
912 3698 954 3741 ex
982 3679 1133 3742 fratribus
1163 3678 1266 3742 abetis
1302 3676 1484 3764 transgredi
1515 3683 1689 3763 precepta,
1719 3676 1819 3741 debet
1841 3679 1971 3743 abatem
1994 3699 2058 3741 non

401 3781 522 3856 celare,
547 3779 702 3844 sedante
726 3780 900 3845 admoneat
921 3789 1127 3866 peccantem,
1162 3787 1197 3844 ut
1220 3782 1308 3844 solus
1335 3781 1422 3867 quod
1454 3782 1539 3845 malo
1563 3783 1630 3866 agit
1653 3782 1844 3846 confiteatur
1867 3782 1971 3858 abati,
1995 3801 2058 3844 non

402 3891 470 3949 tam
492 3884 618 3949 delator
641 3904 737 3969 quam
760 3886 904 3948 veritatis
928 3886 1061 3970 regulae
1087 3891 1260 3949 exsecutor
1283 3887 1473 3949 inveniatur.

508 3987 707 4072 Hucusque
732 3987 854 4052 Gildcs.
