4598 6300
982 305 1174 361 6611611161.
1846 312 1908 373 229

250 477 361 562 Oyrilli
384 498 467 562 11666
493 477 639 542 dicuntur
662 500 743 560 esse,
767 480 953 544 Paschasini
977 486 1010 544 et
1025 480 1164 544 Protcrii
1188 482 1355 566 epistulas,
1372 480 1507 544 Victorii
1525 479 1678 566 Aquitani
1701 483 1809 566 cyclos
1834 503 1907 546 cum

250 581 385 667 prologo
410 580 510 666 (unde
534 603 663 646 sumere
687 583 792 668 potuit
814 582 1055 648 adnotationem
1086 583 1127 646 de
1155 584 1299 669 paschali
1329 582 1502 668 Theophili
1526 603 1553 647 c.
1570 582 1659 668 456),
1683 583 1823 671 denique
1847 605 1907 670 per

249 685 353 748 solum
386 683 513 750 Bedam
546 692 657 750 661661
692 687 808 751 librum
837 686 976 752 Victoris
1006 685 1150 773 (16116661
1182 693 1293 752 666116
1315 687 1495 750 Victoriam
1523 686 1738 772 Aquilonum,
1771 688 1811 752 da
1842 709 1906 773 quo

249 789 312 853 161.
334 793 346 851 1
372 810 403 874 p.
421 792 483 854 669
507 788 575 853 dixi
597 790 681 854 hunc
704 789 814 854 edens.

360 912 406 972 15.
437 907 521 973 Acta
554 930 682 996 quoque
717 911 936 976 ecclesiastica
971 912 1094 976 auctori
1128 917 1310 997 patuerunt.
1367 911 1573 976 conciliorum
1605 913 1733 997 saepius
1763 912 1909 977 adhibita

249 1018 322 1076 sunt
353 1011 625 1078 Calchedonensis
657 1036 685 1078 a.
707 1019 764 1078 451
793 1017 833 1097 (6.
852 1017 944 1098 415),
972 1015 1111 1080 Romani
1134 1037 1164 1081 a.
1183 1021 1244 1078 585
1269 1017 1309 1096 (6.
1328 1014 1420 1101 536),
1448 1016 1602 1080 Laterani
1625 1038 1654 1080 a.
1671 1020 1734 1081 6411
1759 1016 1800 1101 (6.
1819 1021 1906 1098 543),

251 1117 530 1182 oecumenicorum
561 1119 702 1182 omnium
734 1120 775 1200 (c.
802 1119 889 1203 561).
946 1118 1085 1205 deniqne
1126 1125 1208 1184 teste
1244 1120 1444 1204 praefatione
1479 1121 1718 1185 ecclesiasticae
1752 1120 1905 1184 historiae

250 1221 405 1307 epistulas
428 1221 614 1306 pontificum
631 1222 850 1286 Romanorum
874 1222 915 1286 ad
933 1223 1134 1288 Britanniam
1158 1225 1357 1310 pertinentes
1380 1223 1570 1288 adservatas
1592 1225 1623 1288 in
1648 1224 1763 1288 666616
1784 1224 1906 1288 urbano

248 1323 442 1389 Nothelmus
475 1324 648 1390 Britannus
683 1327 808 1390 Romae
843 1348 972 1390 morans
1008 1329 1041 1391 in
1082 1327 1195 1392 Bedae
1234 1349 1326 1391 usum
1362 1329 1550 1414 exscripsit,
1586 1327 1701 1413 quibus
1739 1327 1837 1391 etiam
1875 1327 1907 1390 in

249 1429 406 1494 chronicis
427 1450 503 1493 usus
527 1436 576 1494 est
599 1434 715 1495 6532.
740 1435 798 1494 541
810 1453 817 1505 ;
842 1430 900 1494 6611
924 1453 995 1494 6616
1021 1432 1109 1516 ipsas
1133 1433 1303 1496 inseruerit
1325 1432 1477 1496 historiae
1494 1452 1583 1513 suae,
1600 1431 1649 1494 his
1666 1432 1827 1517 excerptis
1843 1451 1907 1495 non

249 1553 330 1618 opus
353 1539 412 1597 est.
1757 1559 1758 1564 ¹

358 1658 404 1718 16.
437 1653 613 1718 Extremae
643 1656 758 1719 aetatis
789 1677 841 1718 ras
879 1655 984 1719 missis
1019 1657 1119 1741 gestis
1155 1656 1360 1742 pontificum,
1391 1677 1474 1741 quae
1503 1655 1545 1720 ad
1573 1657 1677 1741 ipsum
1705 1656 1812 1741 operis
1841 1661 1905 1718 ter-

248 1759 367 1823 minum
391 1759 421 1822 ei
445 1757 580 1822 vidimus
605 1766 735 1844 praesto
759 1760 872 1840 fuisse,
903 1759 989 1845 apud
1012 1759 1137 1824 Bedam
1159 1766 1379 1824 memorantur
1409 1761 1492 1824 aliae
1517 1759 1905 1846 Constantinopolitanae,

249 1862 331 1926 aliae
348 1861 563 1928 Britannicae.
608 1863 683 1927 11166
704 1883 827 1949 paucae
852 1869 885 1926 61
909 1863 1011 1927 exiles
1035 1883 1147 1928 omnes
1170 1865 1337 1949 incipiunt,
1360 1863 1415 1927 nbi
1439 1863 1594 1927 mittimus
1617 1862 1704 1927 nuda
1726 1861 1904 1948 principum

251 1965 409 2030 vocabula
433 1987 504 2030 cum
528 1967 618 2031 annis
650 1967 757 2052 regni,
788 1966 829 2030 ab
852 1987 880 2031 6.
899 1971 960 2030 705
985 1966 1026 2052 (c.
1044 1965 1133 2050 576),
1162 1967 1217 2031 6111
1247 1989 1329 2053 quae
1358 1965 1582 2032 661161Β6116
1613 1965 1654 2030 de
1682 1965 1850 2029 Iustiniani
1872 1963 1907 2028 Π

249 2070 281 2133 16
304 2070 475 2155 1611166661
498 2071 721 2153 restitutione,
745 2078 910 2156 tamquam
935 2072 1078 2156 epitome
1102 2077 1176 2135 sunt
1199 2071 1397 2136 Graecorum
1421 2071 1629 2156 Theophanis
1653 2069 1848 2134 61166198
1873 2074 1906 2132 61

249 2194 354 2260 pauca
389 2195 517 2260 quoque
552 2171 909 2261 Constantinopolitana
947 2197 1031 2262 quae
1064 2181 1241 2262 sequuntur
1278 2177 1400 2263 pariter
1434 2175 1576 2262 speciem
1610 2194 1689 2260 prae
1725 2194 1761 2237 se
1796 2173 1905 2237 ferunt

248 2275 398 2340 breviarii
421 2284 565 2341 actorum
582 2277 1008 2364 Constantinopolitanorum
1039 2301 1081 2344 ex
1098 2279 1231 2344 Oriente
1254 2281 1286 2343 in
1302 2279 1502 2344 Britanniam
1525 2277 1634 2342 6111611.
1679 2298 1739 2341 666
1763 2276 1904 2340 (16161666

247 2400 305 2443 666
332 2385 441 2444 661616
473 2381 605 2445 6166666
632 2383 665 2445 16
692 2381 859 2446 Britannia
889 2381 1048 2448 Graecam
1076 2385 1220 2468 linguam
1249 2384 1405 2448 callentes
1432 2384 1502 2469 ipse
1534 2380 1627 2446 Beda
1659 2381 1704 2462 (11.
1729 2381 1807 2444 6661.
1824 2385 1854 2459 4,
1875 2382 1904 2444 2.

248 2488 277 2565 5,
294 2488 323 2549 8.
349 2488 399 2565 211,
417 2485 471 2566 23)
497 2485 587 2549 166116
611 2491 670 2549 661.
701 2521 741 2531 —-
770 2485 1038 2550 luxuriantes
1069 2507 1152 2573 11666
1181 2485 1224 2551 611
1251 2492 1399 2573 tempora
1422 2485 1603 2570 antiquiora
1626 2488 1775 2570 spectant
1798 2482 1906 2547 omnia

247 2593 375 2674 sumpta
401 2594 474 2652 6661
504 2611 547 2654 ex
576 2590 760 2654 auctoribus
788 2611 885 2676 supra
912 2591 1088 2655 recensitis.
1143 2589 1318 2655 adventum
1348 2588 1513 2654 Saxonum
1541 2590 1573 2652 in
1602 2587 1803 2653 Britanniam
1833 2607 1905 2650 cum

247 2699 313 2756 tam
342 2692 373 2755 in
401 2693 808 2779 6111661666489116661
836 2695 868 2758 in
898 2694 1031 2759 historia
1054 2695 1272 2759 ecclesiastica
1300 2699 1325 2776 1,
1344 2699 1380 2758 15
1404 2691 1459 2779 (61.
1483 2696 1577 2758 616.
1602 2691 1658 2778 23)
1683 2689 1903 2756 661166616611

245 2795 409 2860 Marciano
433 2795 635 2882 (4511-457)
660 2804 693 2861 61
708 2796 936 2862 Valentiniano
961 2800 995 2881 (†
1012 2796 1107 2883 455),
1131 2819 1249 2862 666616
1277 2818 1342 2862 666
1365 2797 1585 2862 determinans
1609 2797 1698 2877 (6661
1722 2793 1809 2880 quod
1831 2793 1904 2858 hist.

252 2905 276 2981 1,
294 2903 334 2964 23
358 2900 532 2965 adventum
556 2921 629 2966 eum
653 2901 698 2964 ait
720 2902 866 2966 evenisse
889 2923 972 2966 anno
996 2903 1123 2966 circiter
1146 2900 1201 2966 01.
1224 2908 1299 2966 ante
1322 2900 1469 2965 Mauricii
1491 2899 1573 2964 XIV
1595 2901 1662 2963 sive
1687 2902 1806 2978 6591,
1829 2897 1903 2961 iude

245 3010 420 3068 66616616
444 3005 605 3089 colligitur
627 3025 744 3068 annum
769 3005 809 3069 ab
834 3025 874 3069 eo
896 3005 1044 3090 intellegi
1068 3004 1156 3087 441),
1182 3005 1345 3090 16666161
1370 3025 1463 3085 6666,
1489 3002 1650 3089 1166166116
1675 3001 1707 3066 111
1731 3023 1774 3065 ex
1797 2999 1903 3080 Gilda,

246 3127 342 3192 quem
370 3108 402 3171 in
432 3109 504 3194 ipsa
532 3130 566 3173 re
595 3108 755 3172 narranda
782 3128 894 3194 presse
924 3109 1083 3195 sequitur,
1107 3109 1260 3194 colligere
1284 3109 1434 3195 potuerit.
1480 3107 1539 3172 sed
1564 3105 1754 3172 crediderim
1777 3103 1903 3168 Bedam

244 3210 319 3275 inda
344 3212 503 3297 epocham
533 3211 775 3293 determinasse,
801 3211 887 3297 quod
910 3211 999 3276 Aetii
1024 3218 1074 3275 161
1097 3212 1235 3276 66666116
1259 3211 1413 3277 66161666
1437 3209 1584 3275 Saxones
1611 3210 1644 3273 in
1667 3208 1823 3273 auxilium
1845 3226 1903 3270 1ο-

244 3315 306 3378 cati
330 3314 417 3400 apud
448 3314 577 3380 Gildam
609 3315 807 3381 mentionem
837 3317 973 3401 reperit,
1006 3336 1080 3379 eum
1109 3320 1218 3379 autem
1247 3316 1280 3378 in
1310 3315 1400 3379 libris
1430 3313 1510 3378 vidit
1538 3313 1668 3378 tertium
1702 3311 1902 3375 consulatum

242 3418 381 3502 gessisse
406 3439 434 3483 6.
452 3423 530 3501 446,
560 3419 678 3484 obiisse
701 3441 730 3483 a.
747 3424 823 3486 454.Ι
876 3420 1026 3485 chronica
1049 3419 1174 3484 Gallica
1197 3419 1366 3506 quominus
1389 3418 1545 3484 11661666
1568 3415 1769 3496 adhibuerit,
1793 3413 1902 3478 obstat

242 3541 306 3585 non
330 3523 432 3587 solum
456 3523 630 3608 quodfalia
652 3524 727 3589 inde
753 3532 908 3610 excerpta
930 3526 1019 3589 nulla
1042 3524 1129 3610 apud
1153 3545 1227 3589 eum
1245 3525 1459 3610 reperiuntur,
1483 3521 1542 3586 sed
1556 3521 1657 3585 multo
1677 3520 1790 3604 magis,
1815 3517 1902 3603 quod

242 3625 298 3688 illa
319 3647 354 3690 rc
378 3625 539 3706 differunt,
567 3628 730 3691 narrantia
758 3625 837 3712 (161.
859 3633 872 3691 1
898 3650 929 3714 p.
948 3629 1025 3710 660)
1055 3628 1256 3693 Β616661661
1284 3629 1317 3692 16
1347 3627 1507 3692 1116166616
1537 3623 1702 3689 Saxonum
1735 3621 1900 3687 redactam
1991 3623 1993 3630 '

243 3749 314 3792 6666
347 3751 430 3794 anno
462 3729 638 3794 Theodosii
660 3731 695 3794 II
725 3731 971 3798 decimonono.
1017 3732 1203 3797 Britannica
1232 3731 1428 3811 recentiora,
1459 3729 1581 3794 scilicet
1616 3747 1699 3813 quae
1732 3733 1902 3790 narrantur

241 3830 316 3895 inde
350 3854 370 3896 6
403 3835 612 3898 conversione
647 3833 846 3900 Edilberecti
881 3837 1061 3921 imperante
1096 3833 1251 3899 Mauricio
1284 3835 1325 3919 (6.
1349 3831 1438 3918 531),
1468 3833 1575 3897 616616
1602 3832 1670 3895 1616
1700 3828 1837 3894 16116661
1868 3830 1901 3892 16

242 3935 381 4000 66616116
404 3937 504 4000 nostri
526 3936 661 4002 historia
684 3939 903 4028 ecclesiastica
926 3941 1032 4024 gentis
1055 3939 1253 4024 Anglorum,
1276 3945 1407 4003 narrata
1429 3938 1556 4023 plenius
1587 3942 1620 4000 61
1649 3936 1711 4015 116,
1741 3940 1777 3998 61
1808 3931 1901 3998 Beda

243 4058 438 4125 quamquam
462 4040 611 4105 chronica
635 4061 694 4105 sua
723 4041 884 4124 adhibuit,
915 4043 1106 4128 plerumque
1129 4063 1193 4106 non
1222 4062 1262 4106 66
1290 4041 1515 4127 exscripserit,
1552 4039 1610 4105 sed
1633 4045 1781 4103 auctores
1803 4043 1901 4100 antea

241 4141 403 4207 adhibitos
426 4145 644 4230 resumpserit.
691 4145 798 4231 itaque
822 4144 969 4209 sufficere
993 4147 1096 4210 visum
1121 4151 1171 4210 est
1193 4146 1226 4210 in
1247 4145 1309 4209 hac
1333 4144 1554 4210 chronieorum
1576 4142 1765 4208 recensione
1788 4141 1898 4205 remit-

241 4251 310 4309 tere
334 4245 376 4309 ad
400 4267 456 4310 aas
479 4246 632 4312 historiae
657 4248 895 4312 ecclesiasticae
919 4254 1039 4334 partes,
1063 4269 1147 4335 quae
1170 4250 1286 4312 nostris
1309 4248 1516 4335 respondent.

345 4365 467 4432 Omnes
490 4368 559 4431 fere
584 4369 637 4454 qui
660 4367 768 4432 medio
793 4389 874 4433 aevo
899 4369 1051 4434 historiae
1080 4371 1254 4435 universali
1278 4371 1470 4434 scribendae
1495 4389 1628 4455 operam
1653 4366 1820 4446 dederunt,
1844 4371 1900 4429 aut

240 4469 456 4534 adhibuerunt
484 4470 595 4535 Bedae
624 4472 773 4536 chronica
798 4474 922 4537 1661616
952 4478 1008 4537 661
1037 4473 1120 4537 61166
1150 4495 1208 4560 pro
1241 4474 1451 4539 fundamento
1479 4473 1588 4559 operis
1618 4473 1655 4535 iis
1677 4472 1727 4534 usi
1751 4476 1840 4551 sunt,
1863 4475 1899 4533 ut

240 4573 361 4637 Paulus
391 4573 544 4638 diaconus
580 4575 746 4640 historiam
776 4575 924 4661 Eutropii
959 4576 1142 4641 Romanam
1173 4599 1295 4662 augens
1330 4585 1363 4640 et
1397 4577 1586 4641 continuans
1616 4597 1695 4639 66.
1720 4578 1781 4637 770
1812 4572 1896 4658 (Ich.

239 4677 390 4763 Droysen
410 4679 443 4741 in
466 4679 666 4764 praefatione
695 4701 726 4765 p.
750 4679 857 4765 XLV)
890 4680 1097 4767 condensque
1122 4680 1240 4746 deinde
1270 4680 1436 4744 historiam
1459 4678 1749 4765 Langobardorum
1774 4678 1898 4762 (errore

240 4781 325 4845 enim
349 4779 391 4844 N.
407 4780 505 4847 Arcb.
523 4788 552 4864 5,
570 4786 610 4847 79
635 4783 676 4847 de
692 4782 786 4848 Beda
802 4804 821 4848 a
837 4783 941 4848 Paulo
965 4784 1111 4850 adhibita
1134 4785 1309 4868 dubitavi);
1332 4783 1406 4849 Ado
1420 4783 1614 4848 Viennensis
1628 4789 1773 4848 mortuus
1790 4803 1818 4844 6.
1835 4785 1897 4846 874

239 4885 576 4975 (11111.2,3156611.);
605 4888 735 4974 Regino
766 4890 963 4955 Prumiansis
991 4897 1137 4956 mortuus
1164 4914 1193 4956 a.
1214 4895 1277 4955 815
1306 4889 1394 4976 (Mc.
1424 4890 1643 4976 1,53“16611.);
1680 4887 1898 4952 Herimannus

238 4990 412 5078 Augiensis
434 4999 577 5056 mortuus
600 5014 628 5056 a.
650 4998 731 5058 1054
757 4991 847 5078 (MS.
865 4999 894 5076 5,
912 4998 951 5060 61
965 4994 1068 5080 seq.);
1092 4994 1254 5059 Marianus
1271 4993 1400 5059 Scottus
1417 4993 1586 5058 defunctus
1610 5015 1636 5058 6.
1653 5013 1682 5056 6.
1703 4994 1784 5057 11182
1808 4990 1897 5074 (Ma.

239 5099 268 5176 5,
285 5095 454 5182 4816611),
478 5097 532 5160 alii
554 5098 715 5183 permulti.
765 5097 847 5162 haec
871 5104 1027 5184 excerpta
1050 5120 1122 5163 cum
1152 5098 1194 5163 ad
1217 5097 1571 5184 1611661Β6116661616
1599 5098 1675 5161 satis
1703 5117 1764 5182 per
1786 5115 1897 5159 eorum

237 5199 336 5263 libros
359 5200 494 5286 scriptos
517 5199 694 5264 stabilitum
724 5201 802 5265 nihil
835 5203 1016 5284 conferant,
1040 5203 1170 5289 reliquis
1198 5203 1313 5289 spretis
1342 5203 1374 5266 in
1402 5203 1547 5288 margine
1570 5202 1722 5266 inferiore
1746 5201 1897 5264 6616611-

237 5310 349 5390 cerpta
371 5303 508 5368 Paulina
529 5324 663 5368 numero
691 5325 796 5389 pauca
818 5307 1077 5372 memoravimus.
1118 5307 1370 5372 ecclesiasticam
1395 5305 1560 5370 historiam
1575 5305 1689 5370 Bedae
1713 5305 1754 5369 ab
1779 5303 1896 5368 eodem

236 5416 424 5494 usurpatam
448 5429 519 5473 esse
543 5409 630 5474 idern
653 5408 841 5495 Droyseuus
871 5413 982 5476 statuit
1004 5433 1068 5476 non
1089 5419 1188 5494 recte,
1211 5432 1286 5475 narn
1309 5411 1409 5474 111661
1432 5409 1585 5475 Germani
1607 5408 1897 5473 Autissiodorensis

239 5511 358 5578 Paulus
381 5511 528 5580 adhibuit
551 5513 619 5577 sine
644 5511 742 5577 dubio
765 5515 880 5600 ipsam,
905 5535 969 5579 non
991 5535 1052 5601 per
1073 5514 1186 5579 Bedae
1209 5520 1374 5600 excerpta.
