4634 6286
395 327 453 390 108
1076 322 1293 378 Avernarvn
1311 321 1357 377 IV.

390 501 439 563 cui
463 498 630 585 respondit
652 497 792 563 Nonnita
815 516 996 582 praegnans
1012 495 1118 561 Devvi
1141 499 1331 562 sanctissimi
1353 499 1444 583 pueri
1467 505 1572 563 mater
1595 500 1715 565 futura:
1739 523 1801 587 ego
1826 503 1966 569 Nonnita
1990 505 2042 570 lric

389 623 506 667 maneo
529 604 614 666 inter
634 603 792 688 parietem
815 607 848 664 et
869 602 998 665 ianuam
1020 602 1134 666 nolens
1156 603 1275 666 intrare
1298 603 1435 667 turbam.
1481 604 1529 666 his
1546 603 1663 668 auditis
1686 608 1853 694 praecepit
1876 609 1922 674 illi
1946 613 2039 674 exire

391 713 424 770 et
446 714 617 793 postquam
642 707 797 787 exiverat,
821 705 949 770 vocavit
971 705 1113 791 plebem,
1137 725 1220 791 quae
1244 713 1359 770 vocata
1375 707 1474 788 venit,
1496 714 1532 770 ut
1554 706 1680 772 audiret
1697 712 1919 795 euangelicam
1943 735 2041 799 prae-

391 809 594 876 dicationem.
639 815 714 897 post
737 808 859 873 finitum
883 829 1065 872 sermonem
1087 809 1299 894 interrogavit
1320 811 1472 894 angelum
1504 809 1557 874 dei
1585 811 1785 897 praedictam
1808 835 1893 898 rem,
1917 818 2041 881 scilicet

390 935 453 1000 qua
481 914 522 978 de
551 935 648 978 causa
674 915 842 999 inceperat
868 911 1057 998 praedicare
1086 918 1119 976 et
1141 934 1206 977 non
1227 919 1357 999 poterat
1380 913 1498 978 ducere
1525 913 1568 978 ad
1596 916 1703 983 finem.
1748 920 1858 982 atille
1882 921 2041 985 revelavit
2084 949 2096 987 ι

391 1019 422 1082 ei
444 1017 521 1082 talia
544 1017 670 1082 dicens:
694 1016 837 1081 Nonnita
859 1018 976 1081 mulier
998 1022 1110 1081 sancta
1131 1023 1242 1082 manet
1263 1019 1297 1082 in
1320 1019 1467 1100 ecclesia,
1492 1039 1575 1105 quae
1597 1041 1681 1085 nuno
1697 1043 1879 1108 praegnans
1903 1045 2041 1110 puerum

389 1123 532 1208 paritura
556 1128 605 1186 est
627 1144 699 1188 cum
721 1123 870 1188 inmensa
892 1122 1007 1206 gratia,
1030 1143 1089 1207 pro
1114 1143 1176 1208 quo
1198 1143 1264 1187 non
1286 1123 1420 1208 potuisti
1443 1123 1632 1208 praedicare
1656 1123 1763 1190 divina
1785 1133 1948 1212 potestate
1972 1151 2042 1192 ser-

389 1247 517 1291 monem
545 1227 717 1292 retinente.
762 1227 890 1291 maioris
915 1226 1040 1311 gratiae
1065 1227 1125 1290 erit
1147 1246 1229 1312 puer
1251 1233 1418 1302 venturum
1444 1227 1549 1290 nullus
1573 1229 1603 1291 ei
1626 1230 1850 1315 aequiparabit
1871 1233 1904 1296 in
1927 1234 2044 1297 vestris

388 1330 544 1416 partibus.
590 1351 653 1416 ego
676 1331 855 1417 relinquam
878 1331 925 1394 illi
947 1330 1042 1394 istam
1065 1331 1250 1416 regionem,
1280 1331 1350 1416 ipse
1374 1332 1437 1395 cito
1461 1337 1585 1395 crescet
1608 1337 1641 1396 et
1662 1334 1790 1398 florebit
1813 1334 1853 1399 de
1877 1343 1986 1400 aetate
2009 1339 2043 1401 in

351 1428 543 1499 5aetatem.
590 1435 725 1520 angelus
749 1435 834 1499 enim
858 1433 910 1498 dei
933 1435 1066 1498 nuncius
1089 1435 1168 1499 mihi
1190 1433 1367 1499 declaravit
1388 1436 1482 1499 istam
1506 1457 1616 1500 veram
1639 1437 1897 1504 destinationem.
1944 1441 2040 1505 Unde
2072 1469 2097 1506 ro

388 1539 532 1624 contigit,
557 1539 643 1626 quod
666 1540 885 1604 sanctissimus
908 1537 1114 1644 praedicator
1129 1537 1242 1602 Gildas
1259 1539 1403 1603 transivit
1426 1538 1467 1603 ad
1487 1539 1688 1622 Hiberniam,
1711 1542 1768 1606 ubi
1789 1543 2042 1608 innumerabiles

388 1644 547 1708 convertit
568 1643 611 1707 ad
633 1643 730 1708 fidem
754 1643 957 1708 catholicam.
1003 1649 1295 1729 contemporaneus
1311 1642 1423 1707 Gildas
1439 1643 1494 1707 vir
1508 1644 1726 1708 sanctissimus
1749 1646 1808 1709 fuit
1823 1647 1933 1711 Arturi
1955 1649 2043 1733 regis

387 1748 485 1811 totius
513 1747 644 1812 maioris
674 1747 896 1830 Brictanniae,
928 1767 1024 1832 quem
1055 1745 1254 1832 diligendum
1283 1745 1454 1830 diligebat,
1490 1747 1540 1811 eui
1569 1767 1698 1833 semper
1722 1750 1874 1836 cupiebat
1897 1751 2041 1816 obedire.

390 1850 566 1916 confratres
589 1857 699 1916 tamen
721 1851 840 1916 XXIII
863 1851 1058 1915 resistebant
1080 1851 1151 1936 regi
1174 1850 1289 1915 rebelli
1311 1849 1495 1936 praedicto,
1518 1852 1667 1916 nolentes
1693 1855 1760 1939 pati
1785 1854 1959 1936 dominum,
1983 1855 2043 1920 sed

388 1956 501 2021 crebro
531 1955 690 2042 fugabant
720 1963 753 2020 et
784 1954 996 2041 expellebant
1023 1975 1043 2019 a
1070 1955 1154 2018 saltu
1183 1960 1216 2018 et
1244 1955 1341 2018 bello.
1387 1953 1486 2019 Hueil
1509 1955 1613 2019 maior
1634 1963 1712 2020 natu
1734 1957 1872 2043 belliger
1894 1959 2041 2024 assiduus
2071 1985 2096 2024 ιι

389 2066 422 2124 et
444 2061 538 2125 miles
561 2060 793 2125 famosissimus
815 2059 894 2123 nulli
916 2059 986 2144 regi
1010 2058 1163 2141 obedivit,
1188 2079 1248 2123 nec
1272 2059 1369 2122 etiam
1392 2058 1543 2122 Arthuro.
1589 2060 1756 2146 affligebat
1778 2062 1928 2146 eundem,
1952 2086 2039 2128 com-

389 2165 543 2230 movebat
570 2167 654 2230 inter
681 2171 853 2251 utrumque
884 2164 1063 2228 maximum
1093 2163 1245 2228 furorem.
1304 2183 1323 2226 a
1350 2161 1459 2227 Scotia
1480 2163 1633 2228 veniebat
1664 2165 1867 2250 saepissime,
1890 2167 2041 2231 incendia

389 2269 550 2356 ponebat,
583 2268 720 2356 praedas
755 2268 896 2333 ducebat
929 2288 1002 2331 oum
1036 2267 1171 2331 victoria
1200 2288 1239 2331 ao
1268 2265 1376 2331 laude.
1432 2265 1517 2331 unde
1545 2287 1604 2330 rex
1638 2270 1826 2333 universalis
1853 2270 2041 2335 Britanniae

389 2371 524 2437 audiens
547 2374 788 2459 magnanimum
812 2373 962 2436 iuvenem
992 2371 1068 2435 talia
1098 2371 1212 2435 fecisse
1237 2377 1270 2435 et
1293 2371 1442 2456 aequalia
1465 2371 1573 2435 facere
1596 2379 1786 2456 persecutus
1818 2380 1867 2437 cst
1890 2376 2041 2438 viatorio-

387 2477 548 2542 sissimnm
570 2479 720 2542 iuvenem
746 2483 779 2541 et
802 2477 976 2562 optimum,
998 2481 1034 2538 ut
1056 2474 1187 2538 aiebant
1211 2480 1244 2538 et
1266 2476 1441 2560 sperabant
1463 2476 1652 2560 indigenae,
1677 2477 1817 2542 fuhrrum
1840 2499 1964 2564 regem.
2008 2480 2039 2542 in
2068 2502 2094 2542 ao

387 2581 613 2666 persecutione
642 2587 750 2645 autem
778 2580 887 2644 hostili
916 2584 950 2642 et
976 2579 1009 2642 in
1040 2584 1200 2642 conventu
1231 2578 1348 2643 bellico
1376 2581 1409 2644 in
1435 2579 1539 2644 insula
1567 2579 1678 2644 Minau
1706 2581 1868 2646 interfecit
1890 2583 2041 2646 iuvenem

387 2684 627 2770 praedatorem.
679 2690 754 2771 post
786 2684 874 2748 illam
908 2681 1168 2747 interfectionem
1197 2682 1358 2746 Arthurus
1389 2684 1492 2747 victor
1519 2685 1691 2768 remeavit,
1722 2677 1869 2769 gaudens
1899 2687 2041 2750 maxime

387 2788 474 2874 quod
501 2797 713 2875 superaverat
745 2808 838 2851 suum
873 2786 1079 2850 fortissimum
1114 2787 1249 2850 hostem.
1309 2785 1420 2851 Gildas
1449 2787 1618 2852 Britonum
1652 2789 1927 2875 historiographus
1967 2797 2043 2854 tuno

387 2913 559 2957 remanens
580 2894 613 2957 in
629 2892 788 2957 Hibernia
811 2889 951 2955 studium
974 2909 1091 2974 regens
1114 2897 1147 2953 et
1171 2888 1360 2975 praedicans
1381 2891 1415 2953 in
1431 2891 1560 2954 civitate
1576 2890 1740 2956 Ardmaca
1763 2893 1886 2957 audivit
1908 2894 2040 2958 fratrem

386 3019 479 3061 auum
511 2996 552 3061 ab
584 2997 726 3061 Arthuro
759 3015 838 3080 rege
872 2994 1078 3059 interfectum
1114 2994 1221 3058 fuisse.
1281 2994 1383 3058 doluit
1410 2994 1450 3058 ab
1480 2993 1606 3076 auditu,
1630 2996 1718 3058 flevit
1746 3017 1817 3059 oum
1845 2998 1982 3082 gemitu,
2006 3004 2042 3061 nt
2069 3021 2095 3061 ss

386 3101 486 3165 frater
508 3102 689 3166 carissimus
711 3121 769 3186 pro
791 3099 954 3163 carissimo
978 3098 1093 3172 fratrc;
1118 3099 1221 3162 oravit
1243 3119 1301 3184 pro
1325 3099 1437 3182 spiritu
1453 3098 1595 3162 fraterno
1619 3098 1746 3180 cotidie,
1773 3101 1887 3164 orabat
1908 3102 2041 3187 insuper

385 3226 445 3292 pro
474 3204 617 3271 Arthuro
647 3205 753 3269 fratris
783 3204 832 3268 sui
864 3209 1070 3288 persecutore
1104 3207 1137 3266 et
1165 3202 1373 3266 interfectore
1402 3202 1568 3288 complens
1596 3203 1809 3288 apostolicum
1840 3211 2040 3290 preceptum,

193 3322 320 3373 mecm.
347 3309 366 3370 6
386 3309 471 3396 quod
494 3309 585 3376 dicit:
610 3312 711 3374 ‘orate
735 3330 793 3395 pro
817 3307 1087 3394 persequentibus
1109 3327 1166 3371 vos
1191 3312 1224 3370 et
1246 3306 1331 3370 bene
1355 3307 1451 3370 facite
1475 3307 1524 3370 his
1547 3309 1601 3392 qui
1624 3307 1762 3372 oderunt
1784 3305 1862 3374 vos’.
1910 3308 2041 3373 Interea

387 3415 605 3478 sanctssimus
639 3413 752 3478 Gildas
791 3410 985 3476 venerabilis
1018 3410 1297 3497 historiographus
1332 3411 1420 3475 veuit
1461 3410 1504 3474 ad
1539 3409 1738 3476 Britanniam
1771 3417 1907 3496 portans
1943 3433 2041 3475 unam

387 3517 636 3604 pulcherrimam
673 3523 706 3580 et
740 3516 956 3580 dulcissimam
991 3535 1197 3600 campanam,
1227 3535 1324 3600 quam
1352 3521 1487 3578 voverat
1514 3513 1630 3579 offerre
1661 3515 1838 3600 apostolico
1870 3515 2038 3580 Romanae
2071 3548 2097 3586 ιι

391 3623 548 3687 ecclesiae
571 3623 605 3686 in
621 3621 926 3708 praesentationem.
964 3619 1166 3703 pernoctavit
1180 3618 1356 3682 honorifice
1373 3624 1523 3705 receptus
1540 3640 1559 3682 a
1577 3617 1707 3683 Oadoeo
1724 3619 1902 3683 venerabili
1918 3620 2039 3684 abbate

389 3725 423 3788 in
446 3722 596 3788 Garbana
610 3724 707 3807 valle,
731 3724 785 3809 qui
809 3723 998 3787 monstravit
1020 3723 1066 3786 illi
1088 3721 1287 3787 laudabilem
1303 3744 1504 3810 campanam,
1528 3730 1738 3788 monstratam
1762 3725 1897 3811 accepit,
1920 3745 2036 3809 accep·

388 3834 456 3893 tam
489 3849 599 3893 emere
633 3829 735 3893 voluit
765 3848 883 3912 magno
917 3827 1038 3912 pretio,
1072 3846 1170 3911 quam
1203 3849 1371 3913 possessor
1394 3829 1535 3893 vendere
1563 3829 1705 3893 nolebat.
1758 3827 1868 3891 audito
1899 3826 2042 3892 adventu

388 3931 505 3997 Gildae
530 3931 691 4016 Sapientis
714 3932 755 3995 ab
779 3931 921 3995 Arthuro
944 3950 1023 4014 rege
1052 3937 1085 3994 et
1106 3931 1298 4016 primatibus
1326 3933 1422 3996 totins
1446 3931 1633 3996 Britanniae
1664 3932 1823 4015 episcopis
1855 3936 1888 3994 et
1915 3932 2041 3996 abbati-

387 4037 448 4100 bus
471 4041 692 4100 oonvenerunt
712 4035 964 4099 innumerabiles
988 4055 1031 4098 ex
1054 4035 1140 4098 clero
1171 4041 1204 4099 et
1232 4036 1367 4122 populo,
1390 4042 1425 4100 ut
1445 4035 1621 4100 Arthurum
1645 4035 1853 4122 pacificarent
1876 4055 1918 4098 ex
1941 4056 2038 4120 supra
2069 4066 2094 4104 ιι

387 4139 473 4204 dicto
496 4137 681 4203 homicidio.
727 4139 847 4222 atille,
870 4139 952 4204 siout
974 4139 1121 4225 primitus
1144 4141 1276 4222 fecerat,
1300 4142 1427 4224 cognito
1452 4161 1579 4205 rumore
1604 4139 1644 4204 de
1669 4141 1758 4205 obitu
1781 4139 1888 4204 fratris
1910 4139 2046 4204 indulsit·

386 4244 525 4326 inimico,
555 4244 683 4308 veniam
715 4243 888 4328 postulanti
916 4245 1058 4307 osculum
1093 4242 1183 4307 dedit
1215 4252 1249 4307 et
1276 4244 1507 4329 benignissimo
1542 4245 1648 4309 animo
1675 4243 1843 4309 benedixit
1874 4244 2041 4308 osculanti.

385 4348 448 4413 hoc
471 4354 603 4435 peracto
637 4368 697 4411 rex
724 4345 885 4411 Arthurus
908 4347 1020 4412 dolens
1051 4353 1084 4411 et
1106 4347 1278 4411 lacrimans
1307 4350 1434 4434 accepit
1455 4350 1496 4413 ab
1521 4350 1680 4434 episcopis
1704 4349 1905 4414 adstantibus
1927 4349 2041 4435 paeni·

262 4493 263 4496 =
348 4450 520 4517 Itentiam
552 4459 585 4516 et
613 4451 799 4516 emendavit
832 4452 866 4515 in
900 4458 1053 4538 quantum
1084 4452 1204 4539 potuit,
1241 4451 1344 4517 donec
1375 4453 1608 4517 consummavit
1631 4453 1738 4515 vitam.
1786 4451 1865 4515 Inde
1890 4454 2041 4537 egregius

387 4557 500 4623 Gildas
522 4558 571 4622 nir
594 4557 745 4644 pacificus
770 4562 803 4620 et
827 4555 1001 4620 catholicus
1025 4555 1125 4620 adivit
1144 4555 1285 4620 Romam
1309 4563 1343 4620 et
1365 4558 1541 4642 apostolico
1556 4555 1724 4620 Romanae
1749 4555 1906 4619 ecclesiae
1929 4557 2040 4621 tribuit
2067 4586 2094 4622 ιο

388 4661 589 4750 praedictam
614 4682 824 4747 campanam,
849 4681 933 4746 quae
958 4667 1119 4724 commota
1142 4681 1161 4723 a
1184 4660 1331 4724 manibus
1354 4660 1522 4745 apostolici
1552 4660 1672 4723 nullum
1696 4659 1833 4722 sonitum
1859 4659 2038 4723 emittebat.

386 4768 472 4833 unde
496 4768 557 4832 hoc
580 4767 635 4831 ille
659 4765 772 4831 videns
795 4765 875 4829 talia
898 4764 1040 4828 dicebat:
1065 4786 1083 4829 o
1107 4765 1156 4829 vir
1179 4763 1296 4828 dilecte
1320 4786 1339 4828 a
1363 4764 1424 4828 deo
1449 4770 1482 4826 et
1504 4762 1545 4826 ab
1562 4762 1702 4844 homine,
1726 4763 1836 4826 revela
1860 4763 1935 4825 mibi
1951 4762 2038 4847 quod

385 4874 442 4938 tibi
466 4873 603 4957 contigit
629 4873 663 4936 in
689 4872 805 4937 itinere
835 4869 876 4934 de
900 4869 961 4932 hac
984 4869 1255 4954 praesentatione.
1301 4867 1411 4932 atille
1434 4866 1591 4931 revelavit
1616 4867 1849 4930 sanctissimum
1874 4863 2038 4930 Oadocum

385 4976 668 5042 Nancarbanenais
691 4977 850 5042 ecclesiae
875 4973 1029 5039 abbatem
1054 4994 1125 5036 eam
1148 4974 1287 5037 voluisse
1312 4991 1432 5052 emere,
1456 4969 1514 5034 sed
1537 4990 1632 5054 quam
1653 4977 1787 5034 voverat
1810 4975 1920 5033 sancto
1939 4969 2038 5034 Petro

384 5083 532 5169 apostolo
556 5080 684 5164 offerre,
707 5082 842 5145 nolebat
857 5079 1010 5144 vendero.
1057 5079 1252 5163 apostolicus
1275 5077 1324 5140 his
1347 5075 1463 5139 auditis
1480 5074 1574 5138 dixit:
1599 5095 1696 5138 nosco
1714 5073 1879 5138 Oadocunr
1902 5094 2036 5138 vonera—
2066 5107 2091 5147 ις,

492 5359 631 5412 ldoibiB
740 5357 883 5426 'lpotuiO
986 5352 1150 5408 8nostris0
1253 5352 1286 5403 12
1302 5355 1429 5405 arturiit'
1531 5351 1563 5404 1a
1583 5349 1840 5404 famosissimimusB
1910 5351 2045 5403 arturioC'

382 5446 416 5499 21
434 5445 650 5517 prosecutioneB
711 5445 844 5514 mynanO
902 5441 1034 5509 iuuenem]
1053 5442 1219 5495 inimicumO
1302 5439 1337 5492 24
1354 5438 1480 5508 hibernia]
1500 5441 1645 5493 brictannie
1662 5437 1817 5490 hiberniaB
1879 5439 2002 5490 ardinaoa
2015 5437 2041 5488 B

376 5533 414 5600 25
432 5535 584 5588 arthurioO
660 5532 693 5587 27
711 5532 864 5587 arthurioO
942 5529 975 5582 31
996 5528 1220 5599 pernoctemuitO
1294 5525 1328 5579 34
1345 5527 1498 5580 arthurioO
1546 5528 1586 5580 ab.
1606 5533 1632 5577 st
1648 5525 1730 5593 ep.C'
1804 5524 1838 5578 35
1856 5527 2003 5578 artharium
2019 5525 2041 5578 0

383 5619 417 5676 38
434 5621 604 5676 arthuriusC
704 5619 739 5673 40
757 5618 865 5672 aduitB
970 5617 1005 5671 la
1021 5618 1064 5670 ille
1083 5616 1169 5668 hocO
1269 5612 1304 5666 44
1322 5616 1535 5667 rraroarbansnsis
1549 5613 1574 5664 B
