4554 6314
395 389 435 449 20
1047 375 1182 432 eluunt]
1202 373 1393 429 SAPIEN'I'lS

393 555 572 622 minandas.
619 562 762 619 ceterum
786 551 873 639 quod
895 553 940 617 ait
964 550 1142 636 Polydorus
1165 550 1341 613 resonuisse
1371 567 1406 611 se
1431 545 1592 632 quaedam
1616 544 1715 632 (quae
1739 552 1867 610 nostrae
1897 545 2049 611 editionis

395 681 506 744 margo
529 658 673 739 iudicat),
697 657 931 742 transposuisse
953 675 1069 739 66666,
1092 659 1128 716 61
1150 673 1255 716 sermo
1280 651 1394 716 clarior
1417 648 1581 730 evaderet,
1604 656 1776 735 praeterea
1792 649 1911 714 tradita
1927 653 2048 736 repeti-

396 766 491 844 visse,
514 763 574 826 nisi
596 762 727 824 nimium
752 781 880 846 premas
903 758 992 844 (nam
1016 777 1080 820 non
1102 757 1205 818 solum
1227 755 1260 818 in
1283 752 1458 817 minoribus
1478 754 1597 838 passim
1621 773 1641 816 a
1663 751 1788 816 traditis
1810 755 1956 836 recessit,
1991 753 2051 816 sed

398 869 496 932 etiam
518 865 678 951 vituperia
700 865 733 928 iu
756 862 942 928 sacerdotes
966 860 1083 925 collata
1106 857 1147 942 (c.
1165 857 1221 941 66)
1246 857 1404 941 mitigavit
1425 854 1666 941 interpolando)
1694 876 1772 920 vera
1795 875 1866 920 esse
1893 857 2050 921 iuvenies.

397 1009 438 1020 -
461 970 514 1034 Ex
537 969 678 1034 editione
701 967 844 1054 principe
862 964 1042 1049 descriptus
1058 968 1107 1026 est
1123 962 1228 1026 codex
1244 961 1407 1024 Parisinus
1421 959 1493 1025 Lat.
1515 964 1628 1041 15174,
1652 965 1749 1024 66166
1765 958 1798 1023 S.
1811 959 1951 1025 Victoris
1975 963 2051 1042 686,

398 1093 483 1139 6666.
504 1071 586 1138 XVI
619 1071 737 1135 omissa
766 1069 966 1154 praefatione
996 1071 1030 1132 ct
1056 1070 1148 1150 parte
1177 1070 1324 1128 extrema
1354 1064 1435 1148 (linit
1457 1084 1488 1150 p.
1505 1067 1608 1146 61,31
1635 1065 1668 1127 16
1691 1062 1831 1148 6116616);
1861 1064 1978 1128 absunt
2008 1063 2051 1128 ab

401 1197 441 1240 eo
465 1175 546 1239 libro
571 1175 678 1238 omnia
702 1194 722 1237 a
744 1170 907 1258 Polydoro
931 1170 1167 1256 praetermissa.

357 1288 380 1356 ρ
502 1278 664 1342 lohannes
680 1275 854 1341 Iosseiinus
870 1273 977 1339 denuo
995 1273 1053 1338 sub
1070 1270 1175 1336 iudice
1190 1270 1267 1335 hoc:
1291 1269 1429 1352 ί(111666,
1453 1271 1503 1334 661
1526 1276 1775 1355 cognomentum
1800 1277 1849 1334 est
1878 1269 2051 1358 Sapientis,

399 1382 450 1446 ‘de
481 1381 608 1446 excidio
633 1386 666 1444 61
689 1384 866 1465 conquestu
890 1376 1077 1443 Britanniae
1100 1396 1138 1439 ac
1161 1375 1260 1439 flebih
1284 1375 1496 1460 castigatione
1518 1375 1551 1437 in
1574 1393 1680 1458 roges,
1704 1375 1865 1460 principes
1888 1381 1922 1441 61
1945 1396 2052 1440 66666-

399 1486 503 1550 ‘dotes
535 1484 672 1570 epistola
700 1482 999 1548 vetustissimorum
1020 1481 1290 1566 exemplariorum
1320 1479 1441 1543 auxilio
1471 1500 1535 1543 non
1565 1479 1669 1543 solum
1702 1499 1721 1543 a
1753 1478 1879 1544 mendis
1908 1481 2054 1566 plurimis

399 1587 586 1669 uindicata,
616 1587 676 1652 sed
707 1588 803 1651 etiam
833 1585 1016 1652 accessione
1041 1604 1171 1666 eorum,
1203 1604 1286 1669 quae
1315 1584 1348 1648 in
1378 1583 1482 1669 prima
1511 1581 1652 1646 editione
1684 1583 1889 1669 aPolydoro
1906 1583 2053 1669 Vergilio

400 1696 537 1757 ‘resecta
561 1697 653 1754 erant
675 1690 895 1776 multiphoiter
917 1687 1022 1752 aucta’
1047 1709 1075 1751 6.
1097 1691 1177 1753 1568
1195 1686 1348 1774 (Londini
1372 1687 1556 1752 excudebat
1577 1686 1738 1751 Iohannes
1760 1686 1877 1770 Deius,
1902 1687 2054 1771 161199),

402 1794 518 1860 (111666
541 1794 686 1858 libellum
704 1792 804 1858 edidit
827 1793 914 1856 iussu
935 1790 1093 1855 Matthaei
1108 1791 1234 1854 Parker
1254 1790 1487 1876 archiepiscopi
1505 1789 1744 1855 Cantuariensis
1759 1793 1879 1856 veteris
1899 1791 2054 1856 historiae

399 1898 604 1962 Britannicae
636 1896 835 1982 sospitatoris
864 1895 1006 1980 egregii,
1030 1915 1127 1980 quom
1149 1895 1182 1958 iu
1205 1894 1406 1979 praefatione
1430 1893 1609 1979 adloquens
1635 1895 1680 1958 116
1710 1894 1751 1958 66
1780 1895 1869 1959 libris
1892 1916 1912 1958 6
1936 1916 1970 1958 66
1994 1895 2054 1959 66-

399 2001 509 2065 hibitis
539 2000 686 2086 exponit:
719 1998 825 2064 ‘incidi
859 2018 977 2083 nuper,
1010 1998 1240 2062 humanissimo
1269 1997 1416 2079 domine,
1448 2003 1503 2061 tua
1532 1997 1662 2082 quidem
1691 1999 1882 2062 auctoritate
1905 2020 1997 2080 usus,
2021 1999 2056 2063 in

401 2105 490 2170 ‘duos
514 2111 641 2168 veteres
665 2103 793 2168 codices
817 2101 934 2166 Gildae
957 2101 1108 2183 Britonis,
1133 2122 1269 2188 quorum
1292 2101 1560 2166 611661116666666
1591 2103 1674 2167 66116
1697 2101 1793 2168 valde
1816 2104 1996 2190 peregrinis
2020 2111 2055 2167 et

401 2208 452 2273 ‘ab
476 2231 535 2272 usu
558 2212 667 2272 nostro
689 2205 811 2270 iamdiu
834 2205 948 2270 alienis
971 2203 1106 2291 (quippe
1130 2205 1266 2290 amplius
1290 2206 1451 2269 sexcentis
1474 2205 1548 2270 hinc
1578 2207 1668 2270 annis
1697 2207 1846 2292 scriptus)
1871 2207 1912 2270 66
1935 2206 2055 2271 biblio-

402 2312 539 2378 ι11666666
570 2311 846 2395 Augustinensem
873 2306 1067 2372 cantuariae
1101 2307 1175 2370 olim
1208 2308 1375 2392 pertinuit,
1412 2309 1495 2373 alter
1530 2308 1660 2395 quidem
1694 2310 1795 2373 multo
1829 2311 1990 2374 recentior
2021 2315 2056 2373 et

402 2416 570 2500 ‘scriptura
597 2433 661 2477 666
688 2431 792 2498 aeque
822 2409 968 2494 diligenti
998 2409 1065 2495 (qui
1093 2413 1202 2473 tamen
1225 2410 1391 2474 minimum
1422 2411 1463 2475 ab
1493 2412 2056 2498 1116611666616666661)161161166

403 2515 648 2582 ι(1166166166616
665 2515 823 2596 coenobii,
840 2519 874 2576 61
888 2514 954 2577 iam
971 2519 1021 2576 est
1036 2512 1201 2577 cuiusdam
1219 2515 1369 2598 generosi
1385 2516 1559 2601 iurisperiti
1571 2515 1718 2580 Cantiani
1735 2518 1821 2580 solus
1837 2522 1871 2581 et
1886 2516 2055 2603 proprius’.

404 2620 614 2708 reprehendit
630 2617 747 2683 deinde
761 2615 960 2704 Polydorum
985 2616 1072 2702 quod
1094 2637 1158 2680 non
1183 2618 1286 2682 solum
1309 2619 1411 2683 multa
1435 2621 1588 2698 omiserit,
1613 2611 1671 2684 sed
1688 2623 1786 2685 etiem
1803 2621 1921 2685 tradita
1936 2621 2057 2706 passim

405 2726 535 2789 mutarit
558 2729 591 2788 et
614 2724 678 2788 alia
702 2729 735 2786 et
758 2742 849 2786 66666
872 2721 1100 2806 scripturarum
1116 2721 1316 2785 testimonia:
1343 2724 1579 2808 ‘scripturarum
1598 2723 1810 2810 (lectionem),
1835 2746 1931 2811 quam
1948 2725 2057 2809 vulgo,

405 2829 472 2894 ‘sed
504 2828 584 2893 falso
608 2833 753 2892 veterem
784 2823 932 2906 dicimus,
961 2823 1162 2910 temporibus
1192 2823 1308 2888 Gildae
1340 2826 1372 2889 in
1404 2828 1541 2891 ecclesia
1567 2849 1633 2892 non
1665 2829 1809 2892 extitisse
1841 2829 1970 2914 publico
1997 2848 2058 2892 usu

404 2937 580 3017 ‘receptam
607 2951 667 3017 per
696 2949 807 2994 omnes
836 2928 1066 3013 scripturarum
1094 2926 1212 3011 libros,
1241 2935 1363 2992 certum
1394 2930 1455 2994 erit
1484 2931 1597 2994 lectori
1626 2931 1808 3016 quingentis
1839 2933 1918 2996 loeis
1940 2933 1973 2996 in
1994 2931 2058 2997 hoc

405 3042 482 3100 ‘tam
507 3036 625 3119 exiguo
649 3034 760 3098 libello
784 3033 817 3095 in
838 3031 981 3095 medium
1003 3031 1147 3117 prolatis,
1171 3052 1255 3118 quae
1278 3033 1388 3117 paucis
1405 3033 1535 3119 quidem
1551 3035 1658 3099 verbis
1681 3056 1752 3099 cum
1771 3036 1903 3120 vulgata
1917 3036 2059 3100 lectione

406 3135 631 3204 ι6666661661.
665 3135 811 3201 codicum
831 3137 959 3200 illorum
975 3134 1110 3200 duorum
1127 3137 1340 3222 antiquiorem
1357 3159 1453 3224 supra
1470 3138 1515 3224 (p.
1532 3137 1585 3221 13)
1602 3137 1669 3203 dixi
1685 3138 1788 3203 videri
1806 3159 1878 3203 esse
1896 3159 1980 3221 eum,
2005 3141 2059 3224 qui

405 3249 521 3331 postea
550 3243 653 3306 factus
686 3247 735 3304 est
764 3240 992 3315 Cottoniauus;
1026 3245 1114 3304 66616
1148 3242 1294 3306 recensio
1323 3242 1536 3307 Iosseiiniana
1573 3242 1616 3307 ad
1653 3263 1727 3307 eum
1756 3242 1874 3306 librum
1907 3245 1952 3307 ita
1985 3263 2059 3308 6666

406 3348 557 3433 66611661,
580 3353 617 3409 61
639 3345 726 3408 66116
749 3345 820 3409 1666
844 3365 918 3408 eum
935 3349 1066 3430 superet
1082 3345 1219 3430 propriis
1236 3351 1269 3410 et
1285 3345 1380 3412 bonis
1395 3347 1588 3411 lectionibus
1604 3347 1701 3433 plane
1718 3345 1880 3410 destituta.
1920 3348 2059 3412 alterum

404 3451 522 3516 librum
557 3469 628 3514 esse
663 3448 868 3512 adservatum
900 3447 997 3512 hodie
1033 3445 1261 3534 Oantabrigias
1292 3457 1436 3514 nostrum
1459 3448 1493 3514 D
1523 3457 1617 3515 extra
1650 3448 1783 3515 dubium
1819 3457 1883 3526 cst;
1917 3472 1992 3515 nam
2026 3453 2060 3515 in

407 3554 551 3638 margine
578 3553 652 3617 libri
683 3552 791 3637 scripti
818 3571 837 3614 a
866 3550 1037 3637 typotheta
1065 3551 1214 3616 editionis
1244 3554 1383 3639 paginae
1412 3553 1586 3620 adnotatae
1614 3561 1687 3618 sunt
1715 3562 1748 3619 et
1774 3553 1956 3641 adscriptae
1980 3556 2059 3618 item

407 3656 632 3722 adnotationes
649 3655 809 3742 quaedam
824 3655 1066 3736 Iosselinianae,
1083 3661 1119 3719 ut
1134 3655 1176 3720 66
1190 3677 1222 3742 p.
1239 3661 1290 3738 48,
1312 3661 1348 3722 16
1371 3657 1523 3722 hacteuus
1537 3663 1649 3722 auctor
1673 3709 1679 3721 .
1697 3709 1703 3721 .
1722 3707 1729 3720 .
1748 3657 1933 3739 6166661161
1950 3659 2060 3744 (quam

407 3781 449 3824 ex
464 3760 628 3846 Polydoro
645 3759 787 3845 repetiit)
802 3765 835 3823 61
851 3758 893 3824 66
908 3781 939 3844 p.
956 3763 1007 3841 48,
1022 3763 1076 3823 20:
1100 3760 1191 3823 uerba
1205 3759 1258 3824 116
1273 3760 1397 3825 iuclusu
1414 3763 1638 3842 praetermissa
1652 3767 1729 3826 suut
1743 3783 1764 3824 u
1778 3761 1943 3844 Polydoro.
1967 3760 2058 3827 deni-

351 3929 353 3934 ,
408 3886 470 3953 que
493 3885 688 3951 quamquam
711 3883 794 3945 raro,
816 3870 853 3927 ut
873 3865 944 3949 ipse
967 3863 1000 3928 iu
1022 3863 1223 3950 praefatione
1246 3865 1413 3950 significat,
1436 3866 1553 3931 alicubi
1569 3872 1678 3930 tamen
1693 3865 1869 3930 Iosseiinus
1885 3865 2057 3931 lectionem

408 3968 527 4036 codicis
551 3968 719 4034 deterioris
741 3967 907 4054 praetuht:

563 4082 673 4162 44,18
695 4077 775 4165 uite]
798 4077 862 4160 GP,
886 4079 953 4142 uita
968 4076 1057 4161 12²0,
1081 4078 1216 4145 666111.

564 4185 672 4267 78,19
696 4181 793 4246 deum
815 4178 1011 4268 adhaeretis]
1031 4181 1065 4265 O,
1089 4182 1151 4249 deo
1176 4182 1360 4250 adhaeretis
1374 4185 1413 4268 P,
1437 4184 1534 4250 deum
1558 4186 1688 4252 creditis
1703 4186 1747 4269 D,
1771 4186 1833 4252 deo
1858 4186 1987 4252 creditis
2002 4185 2037 4268 Q.

405 4294 445 4360 Iu
467 4295 651 4360 universum
681 4314 721 4359 sa
742 4292 807 4358 fide
831 4314 935 4380 eaque
962 4292 1119 4360 industria
1140 4295 1316 4362 Iosseiinus
1343 4299 1543 4382 propositum
1575 4299 1725 4385 perfecit,
1756 4307 1792 4364 61
1820 4300 1964 4366 codicem
1994 4298 2059 4384 pri-

406 4399 542 4464 marium
564 4399 663 4484 longe
685 4399 864 4464 accuratius
880 4400 1133 4485 repraesenter-it
1155 4421 1251 4486 quam
1275 4407 1331 4464 661
1352 4402 1500 4467 librarius
1523 4402 1641 4468 codicis
1657 4401 1692 4467 D
1713 4410 1769 4467 aut
1792 4403 1890 4469 editio
1907 4403 1940 4468 P
1960 4409 1993 4468 et
2008 4403 2062 4468 vel

406 4502 499 4586 16116,
528 4508 565 4567 61
596 4508 706 4587 46,11
734 4502 943 4584 fuciferorum
969 4523 1028 4588 pro
1056 4502 1292 4584 furciferorum,
1322 4525 1364 4570 ex
1392 4504 1503 4571 codice
1527 4506 1750 4594 adsumpserit.
1795 4514 1831 4572 ut
1853 4509 2062 4592 intellegatur

337 4607 343 4619 '
407 4605 484 4694 quid
500 4607 783 4694 estolydorianis
799 4606 976 4687 retinuerit,
999 4607 1151 4692 principis
1169 4607 1317 4673 editionis
1332 4611 1455 4674 vanam
1476 4611 1649 4675 lectionem
1671 4608 1858 4694 adiecimus,
1880 4610 2082 4696 acciditque

407 4709 596 4797 aliquando,
620 4715 656 4773 ut
685 4716 741 4774 661
764 4729 907 4774 errorem
931 4709 1083 4795 Polydori
1105 4731 1170 4775 non
1193 4712 1290 4797 plene
1315 4713 1494 4778 emendarit
1522 4714 1571 4796 (ut
1594 4717 1645 4796 35,
1662 4718 1702 4778 23
1726 4735 1782 4778 uec
1798 4735 1860 4797 pro
1883 4713 1990 4796 eripui
2013 4720 2063 4778 est

405 4815 438 4878 16
453 4814 492 4898 Ρ,
510 4813 679 4895 6616161661
694 4819 782 4879 66616
797 4813 831 4876 16
847 4810 890 4895 D,
912 4833 968 4876 666
981 4813 1146 4895 6666616611
1166 4815 1199 4878 16
1217 4816 1257 4901 Q)
1281 4822 1337 4881 aut
1352 4837 1494 4881 errorem
1517 4818 1550 4881 in
1573 4823 1698 4881 textum
1721 4818 1866 4881 intulerit
1887 4821 1937 4903 (ut
1954 4821 2004 4900 78,
2024 4821 2061 4881 17

406 4917 603 4982 uestimentis
623 4915 722 4999 CDP,
744 4917 864 4983 uestitu
882 4915 937 5001 Q);
961 4916 1020 4981 sed
1035 4918 1229 5004 ubicumque
1253 4919 1360 4986 deficit
1381 4921 1415 5002 0,
1438 4921 1624 5006 primarium
1646 4922 1753 4986 locum
1776 4923 1808 4986 in
1825 4942 1864 4986 eo
1882 4919 2062 5008 supplendo

407 5027 498 5087 tenet
515 5021 551 5104 Q.

369 5141 401 5194 H
508 5124 798 5211 Heidelbergensis
823 5126 1041 5193 bibliothecae
1064 5129 1213 5215 publicae
1237 5130 1417 5215 exemplari
1433 5128 1581 5194 editionis
1598 5129 1829 5195 Iosseiinianae
1847 5150 1926 5215 quas
1947 5149 2062 5192 manus

407 5231 550 5317 aequalis
580 5228 764 5315 adscripsit,
792 5232 933 5296 maxime
964 5233 997 5296 in
1022 5239 1116 5319 parto
1145 5234 1251 5321 priore
1284 5254 1345 5298 nec
1377 5234 2062 5316 6616616616,66666166116666,666666

406 5341 534 5424 partem¹
555 5340 643 5399 certe
666 5334 825 5421 proficisci
855 5356 897 5400 ex
926 5336 1009 5401 libro
1044 5338 1163 5424 scripto
1187 5336 1327 5402 dubitari
1354 5359 1417 5404 non
1447 5344 1555 5424 potest
1563 5361 1571 5413 ;
1599 5338 1715 5402 adsunt
1738 5339 2004 5425 orthographica,
2027 5342 2064 5401 ut

408 5441 458 5520 26,
475 5443 511 5504 10
526 5433 732 5524 illucescente]
750 5429 972 5528 iuluccesieute
995 5477 1035 5486 -
1060 5445 1169 5522 6616
1191 5439 1327 5529 eithara]
1350 5443 1545 5524 66116164
1572 5445 1623 5523 66,
1642 5446 1659 5505 7
1682 5439 1937 5526 simulacrorum]
1962 5441 2060 5504 sirau-

406 5542 587 5608 lucbroium
614 5548 648 5608 et
675 5547 787 5628 aperte
812 5549 980 5628 corrupta,
1002 5551 1038 5610 ut
1061 5549 1112 5626 51,
1132 5549 1171 5610 27
1203 5545 1243 5610 61
1266 5548 1352 5612 omui
1379 5543 1803 5632 6611666166161616611661.
1855 5545 1925 5630 ipse
1957 5542 2063 5609 codex

406 5649 451 5730 is,
480 5667 576 5733 quem
605 5645 778 5711 adnotator
808 5645 970 5731 adhibuit,
999 5647 1127 5714 videtur
1153 5649 1303 5736 periisse;
1334 5648 1393 5715 sed
1420 5648 1575 5713 adnotate
1604 5654 1670 5712 tom
1697 5669 1800 5734 prope
1832 5647 1990 5712 accedunt
2020 5645 2062 5712 ad
