4552 6308
940 305 1186 404 usurumuvs.
1821 351 1883 413 427

227 517 356 597 preside
375 517 490 601 Syriae
514 519 630 604 Cyrino
652 544 691 588 ea
713 523 895 602 casalibus,
918 523 1080 590 cmuciatu
1101 541 1172 587 aero
1194 521 1333 586 eiusdem
1357 519 1525 600 Cemaiani
1544 522 1685 604 Auyusti
1706 526 1736 586 et
1751 520 1885 599 Silvani,

234 621 386 702 toparcha
407 629 513 689 antem
535 626 656 691 Iadeae
678 625 818 692 Herodes
840 628 894 692 ille
917 629 1029 710 maior,
1053 627 1136 692 filius
1158 625 1321 709 Archelai,
1345 627 1427 690 sicut
1450 627 1650 713 evengelista
1674 631 1819 690 testetur.

339 729 368 790 3.
396 725 562 810 Colligitur
583 751 652 813 cryc
674 731 713 796 ab
728 731 836 796 Adam
858 753 957 814 usque
978 753 1000 796 a
1022 729 1162 796 Phalech
1184 728 1233 810 ptr
1252 729 1338 794 Eber
1360 734 1428 794 arur
1450 730 1510 794 tria
1532 731 1630 810 milia,
1654 734 1683 793 et
1704 750 1726 793 a
1749 727 1886 794 Phalcch

235 849 333 908 usqne
364 831 408 894 ad
440 832 505 897 XL
538 840 567 899 et
595 836 637 899 II
661 857 746 900 anno
777 857 872 918 reyno
900 838 1042 920 Anyusti
1077 834 1224 902 Caesaris
1261 835 1342 898 anni
1378 822 1722 900 IIDCCCCLXVII.
1778 837 1807 896 et
1839 832 2029 901 itabat-rarr-

195 957 207 995 ι
234 930 393 1013 calliyitnr
422 935 462 999 ab
484 936 591 1002 Adam
613 941 717 1023 primi
745 940 882 1006 hominis
906 961 1006 1023 usque
1034 940 1079 1005 ad
1108 939 1362 1003 incarnationem
1389 938 1509 1002 domini
1536 938 1640 1003 nostri
1660 937 1736 1002 Iesu
1762 935 1887 1002 Christi

233 1040 263 1098 et
292 1035 400 1101 XLII
427 1040 509 1103 anni
537 1043 626 1122 reyni
652 1043 794 1125 Anynsti
826 1045 989 1122 Caesaris,
1025 1065 1128 1110 annos
1148 1029 1465 1107 Vocoocnxvfl.
1520 1045 1549 1106 et
1582 1043 1655 1106 inde
1686 1045 1887 1107 conversatus

234 1161 305 1204 curn
327 1139 508 1208 hominibus
529 1167 625 1226 snper·
646 1153 764 1213 terram
786 1149 933 1214 dominus
954 1153 1060 1214 noster
1074 1147 1214 1212 salvator
1229 1145 1320 1210 lesus
1339 1145 1487 1212 Christus
1506 1147 1592 1210 circa
1608 1147 1692 1228 quad
1707 1167 1769 1227 per
1784 1165 1887 1210 annas

236 1243 409 1310 XXXIII
425 1269 489 1313 non
510 1249 625 1336 plenos
646 1271 759 1337 parum
784 1251 870 1338 quid,
893 1257 930 1316 ut
951 1253 1034 1332 fiant
1057 1251 1097 1315 ab
1113 1250 1221 1314 Adam
1242 1269 1341 1330 nsque
1355 1249 1400 1312 ad
1419 1249 1540 1314 domini
1552 1251 1654 1315 nostri
1671 1250 1747 1315 Iesu
1765 1248 1886 1316 Christi

220 1349 408 1432 ¹secundum
430 1373 555 1417 carnem
570 1355 768 1419 nativitatem
790 1361 820 1419 et
836 1355 1018 1438 passionem
1034 1355 1138 1418 mucis
1154 1360 1188 1418 et
1203 1352 1436 1438 adsumptionis
1452 1353 1521 1418 eius
1536 1354 1570 1418 in
1586 1355 1684 1419 caelis
1700 1353 1743 1419 ad
1757 1358 1885 1441 patrem

186 1480 210 1518 u
237 1472 337 1516 annos
352 1440 401 1518 Vl
423 1457 546 1542 plenos.
585 1457 726 1523 Phalech
746 1460 859 1524 etenim
878 1459 1051 1524 secundnm
1069 1458 1287 1542 propheticam
1301 1478 1402 1522 aaran
1416 1457 1512 1541 Mosy
1532 1459 1569 1522 in
1584 1459 1753 1523 dimidium
1768 1458 1889 1522 dicitnr

237 1557 384 1638 temporis
404 1559 537 1640 suturae
558 1562 793 1629 incarnationis
818 1564 938 1630 Christi
963 1564 1166 1628 interuenisse
1187 1563 1366 1628 adratum.
1410 1562 1600 1627 sicutenim
1621 1562 1776 1628 hominem
1798 1566 1888 1626 seam

236 1660 288 1725 dic
309 1661 347 1726 cle
368 1667 454 1728 terra
471 1665 644 1748 plasmavit
665 1668 752 1747 detes,
774 1674 811 1732 ut
826 1668 954 1752 Moyses
975 1688 1112 1754 magnus
1134 1667 1271 1753 scriptor
1294 1672 1475 1753 temporum
1497 1667 1642 1750 esposuit
1664 1666 1699 1731 ia
1721 1668 1791 1730 snrs
1806 1686 1886 1730 com-

237 1767 363 1844 neentis,
394 1767 440 1832 ita
462 1767 518 1834 hoc
541 1770 699 1850 definivit:
720 1774 841 1851 eterit,
864 1772 985 1860 inquid,
1008 1793 1076 1838 nna
1098 1773 1166 1838 dies
1187 1772 1308 1836 domini
1329 1772 1412 1835 sicut
1435 1770 1519 1836 mille
1539 1770 1629 1835 anni.
1673 1776 1763 1836 secta
1785 1756 1886 1854 cyitm
1896 1773 1972 1828 pum.
1988 1781 2022 1824 ⁹⁰·
2031 1778 2051 1818 ⁴·

236 1869 287 1933 dic
313 1871 427 1951 placuit
456 1873 610 1939 bominem
633 1876 710 1941 deris
739 1880 770 1940 et
798 1877 909 1941 cecidit
930 1875 988 1941 sub
1011 1881 1141 1956 peccato
1163 1875 1265 1953 homo,
1294 1880 1330 1939 ut
1352 1874 1408 1940 hoc
1429 1895 1551 1956 qnoque
1576 1873 1697 1938 charius
1719 1877 1886 1955 appareat,

186 1992 209 2031 a
236 1974 293 2054 qui
314 1975 397 2039 sicut
418 1983 507 2042 senta
529 1979 580 2044 die
601 1979 690 2045 horno
712 1981 748 2044 in
765 1981 927 2064 paradyso
942 1980 1127 2062 plasmatus
1147 1980 1268 2046 canuit
1289 1980 1326 2043 in
1341 1984 1480 2062 peccato,
1504 1981 1552 2043 ita
1573 1983 1664 2042 senta
1680 1977 1731 2042 dic
1750 1976 1886 2042 miliarii

235 2078 373 2143 mundus
394 2081 428 2145 in
450 2088 558 2148 aetate
577 2081 727 2149 Christus
748 2105 845 2165 super
867 2089 985 2149 terram
1006 2083 1234 2170 manifestatus
1256 2089 1302 2148 est
1324 2089 1353 2149 et
1374 2083 1508 2149 saluauit
1530 2083 1685 2148 hominem
1700 2103 1763 2163 per
1783 2080 1888 2146 crucis

236 2184 435 2268 signaculum
458 2187 537 2272 ligni
559 2192 589 2252 et
609 2189 850 2254 resurrectionrs
872 2209 915 2254 ex
937 2189 1071 2255 mortuis
1094 2187 1308 2254 reformando.

340 2293 368 2352 4.
403 2289 494 2371 erod
519 2292 614 2356 etiarn
638 2294 718 2372 pari
748 2294 837 2358 modo
868 2292 1009 2360 Clamores
1036 2291 1084 2358 ael
1107 2291 1305 2374 Theophilus
1336 2297 1365 2356 et
1395 2291 1576 2356 Timotheus
1606 2291 1804 2356 dilectissimi
1834 2289 1887 2355 dei

237 2398 270 2456 et
286 2393 430 2480 episcopi
445 2394 672 2479 chronoyraphi
686 2397 945 2478 euphrnaverunt
963 2399 1094 2462 invicem
1109 2397 1145 2461 hi
1157 2401 1371 2462 ammonentes.
1417 2395 1549 2460 dilectus
1570 2400 1676 2459 antem
1691 2395 1741 2458 dei
1757 2395 1885 2460 chrmra·

184 2521 210 2560 ro
234 2494 376 2578 praphus
390 2497 550 2564 Eusebius
566 2499 812 2580 Pamphiliensis
833 2505 957 2566 sectum
978 2501 1105 2582 quidem
1125 2500 1303 2565 miliarium
1326 2521 1484 2564 annornm
1506 2505 1536 2564 et
1558 2499 1625 2578 ipse
1640 2499 1719 2562 dicit
1732 2520 1887 2580 apparere
1896 2518 1947 2560 ιιιι.
1957 2521 2031 2576 „.rn.

234 2598 419 2664 salvatorem
438 2601 600 2668 Christum
614 2603 787 2668 secundnm
802 2624 968 2669 nucarum
982 2625 1038 2668 sea
1052 2603 1176 2668 dimum
1186 2603 1411 2685 plasmationis
1425 2603 1527 2668 Adae.
1559 2604 1659 2684 prius
1673 2608 1887 2684 tamaianam

234 2703 371 2784 suppleti
391 2703 532 2790 fuissent
558 2729 614 2772 sea
641 2707 732 2774 milia
754 2729 912 2774 annorum
938 2710 1036 2786 dicit,
1064 2709 1143 2791 quia
1168 2709 1323 2790 apparuit
1345 2708 1492 2772 dominns
1517 2708 1595 2772 dnos
1623 2707 1714 2772 Iesrrs
1739 2704 1888 2773 Christus

234 2805 374 2872 salvator
394 2814 499 2874 noster
519 2811 564 2874 ad
585 2813 781 2893 eripiendum
800 2835 901 2895 yenus
922 2812 1111 2891 humanum,
1140 2818 1169 2877 et
1191 2818 1302 2891 natea,
1334 2813 1457 2894 inquid,
1481 2833 1523 2878 ex
1546 2812 1670 2900 virgine
1694 2811 1889 2876 bunranatus

235 2912 338 2975 estin
363 2913 474 2994 quinto
496 2914 636 2981 miliario
658 2921 688 2981 et
709 2917 951 2999 qninyentrsimo
974 2925 1008 2983 at
1029 2917 1063 2982 II
1087 2939 1253 2998 annorum,
1272 2937 1391 3001 passas
1413 2922 1468 2994 est,
1492 2937 1562 2982 acro
1584 2922 1614 2981 et
1635 2915 1810 2981 resurrexit
1832 2916 1886 2980 do-

183 3039 208 3078 u
235 3017 343 3080 minus
364 3022 468 3082 noster
491 3019 582 3083 Iesus
600 3019 747 3085 Christus
769 3025 798 3085 et
819 3021 1007 3102 adsrrmptus
1028 3027 1073 3086 cst
1095 3022 1132 3086 in
1154 3020 1249 3085 caelis
1271 3038 1428 3086 annorum
1449 3041 1611 3086 nonarum
1626 3021 1748 3084 saeculi
1769 3020 1886 3085 aetatis

234 3121 276 3186 ab
299 3120 406 3187 Adam
431 3123 534 3189 Vmil.
550 3122 775 3190 DXXXIIII.
814 3126 849 3190 in
870 3147 925 3191 serr
946 3127 1037 3191 milia
1058 3131 1165 3191 autem
1185 3147 1343 3190 annorum
1363 3125 1554 3190 concordant
1572 3146 1677 3190 amnes
1695 3126 1885 3205 apparuisse

234 3226 408 3306 dominum,
441 3229 586 3314 quamvis
616 3227 717 3293 Scotti
750 3228 945 3295 concordare
975 3231 1102 3312 nolunt,
1137 3229 1191 3317 qui
1221 3230 1380 3316 sapientia
1410 3249 1444 3294 se
1480 3228 1666 3294 existimant
1702 3227 1826 3294 habere
1854 3235 1888 3293 et

234 3331 401 3396 scientiam
416 3330 643 3418 perdedemnt.
677 3332 766 3399 celsi
780 3335 876 3398 etiam
891 3354 977 3398 unns
988 3333 1075 3415 plus,
1086 3332 1173 3398 abins
1188 3334 1296 3398 minus
1310 3333 1470 3411 dicerunt,
1481 3333 1517 3396 in
1530 3338 1616 3397 sento
1631 3331 1771 3396 miliario
1785 3353 1886 3398 anno-

234 3455 306 3498 rnm
327 3437 501 3502 secundnm
523 3437 740 3522 propheticam
762 3458 863 3502 vocem
890 3436 1073 3502 elocutionis
1094 3438 1251 3502 aniensis
1274 3437 1488 3515 consnrtinnt,
1518 3437 1615 3501 etiam
1635 3437 1781 3518 yaamms
1801 3437 1886 3518 repi-

182 3558 208 3597 rr
231 3539 349 3620 yritent
369 3541 427 3621 yni
448 3546 659 3622 exposuerant
681 3541 719 3606 de
740 3563 864 3606 nomae
886 3562 1055 3607 annorum.
1100 3541 1137 3605 in
1158 3541 1337 3606 nouissimis
1359 3546 1465 3606 tamen
1486 3541 1675 3622 temporibus
1696 3541 1887 3622 apparuisse

232 3641 427 3722 saluatorem,
449 3647 533 3710 sicut
555 3647 665 3710 divina
683 3647 844 3727 scriptura
857 3646 1027 3727 siynr'ticat,
1052 3665 1164 3709 omnes
1187 3645 1297 3709 testati
1321 3651 1403 3709 sunt.
1441 3666 1516 3709 nam
1540 3645 1628 3709 etin
1651 3645 1768 3710 sanctis
1786 3667 1885 3710 euan-

232 3747 326 3832 geliis
348 3751 515 3836 repperies
537 3751 599 3816 hoc
622 3751 751 3835 iactum,
776 3750 852 3815 dum
875 3771 956 3814 unus
979 3749 1109 3815 tertiam
1131 3749 1246 3814 horam
1262 3747 1424 3814 Christum
1449 3748 1526 3815 dicit
1542 3771 1613 3815 esse
1630 3749 1827 3832 crucifixum,
1852 3749 1886 3814 id

234 3857 284 3916 est
311 3851 456 3919 Marcus:
486 3855 540 3919 elii
561 3876 640 3920 vero
671 3856 703 3919 in
732 3862 859 3919 sextam
886 3875 961 3919 eum
989 3860 1136 3919 asserunt
1166 3854 1254 3940 ligno
1284 3855 1486 3919 crucifixum:
1520 3854 1607 3941 quod
1629 3861 1707 3941 aput
1729 3855 1886 3940 inperitos

234 3957 394 4020 contraria
416 3956 477 4021 sibi
499 3958 581 4022 haec
603 3957 806 4041 videbuntur,
830 3957 889 4023 sed
911 3979 975 4022 non
997 3963 1070 4022 sunt
1093 3959 1253 4022 contraria
1274 3958 1307 4022 in
1329 3978 1408 4023 vera
1429 3959 1526 4040 ratio,
1555 3958 1612 4023 ubi
1634 3979 1669 4022 se
1694 3959 1738 4023 eic
1761 3958 1887 4045 puriter

182 4076 206 4114 ³⁵
236 4060 447 4146 conplectitur
470 4060 577 4126 divina
605 4063 777 4149 scriptino,
808 4062 884 4128 dum
905 4069 1015 4127 tamen
1038 4062 1223 4148 diligentius
1246 4064 1447 4128 suminantur
1470 4070 1504 4127 et
1525 4064 1610 4129 bene
1641 4067 1819 4128 tractantur
1841 4063 1883 4128 ab

234 4163 293 4246 his,
317 4165 371 4250 qui
394 4185 458 4229 non
482 4165 522 4230 de
546 4187 612 4249 sua,
636 4166 695 4230 sed
718 4167 759 4232 de
783 4167 836 4233 dei
858 4175 1048 4255 presumunt
1070 4169 1238 4256 sapientia.

338 4272 367 4331 5.
395 4267 499 4354 Igitur
528 4292 599 4335 cum
628 4277 722 4336 natus
751 4278 838 4336 esset
866 4271 1014 4336 dominus
1037 4273 1128 4338 Iesus
1158 4274 1190 4336 iu
1212 4272 1400 4355 Bethleem,
1428 4273 1461 4337 in
1488 4271 1550 4336 XL
1574 4278 1607 4337 ct
1628 4271 1663 4336 II
1686 4292 1768 4336 anno
1792 4273 1883 4357 regni

234 4373 374 4458 Augusti
391 4373 549 4457 Caesaris,
573 4376 631 4440 sub
648 4375 782 4442 Herode
809 4397 887 4463 rege
910 4376 1106 4442 Iudaeorum
1130 4383 1164 4442 et
1186 4377 1245 4442 sub
1269 4376 1399 4463 preside
1416 4376 1534 4463 Cyrino
1551 4375 1663 4462 Syriae
1685 4374 1881 4461 provinciae,

232 4477 265 4540 in
288 4476 413 4542 duobus
435 4479 525 4543 annis
548 4500 647 4564 agens
675 4481 734 4546 sub
757 4481 859 4546 ubera
881 4481 1013 4567 virginis
1040 4483 1125 4546 iuter
1152 4481 1300 4547 homines
1323 4480 1376 4545 dei
1398 4481 1498 4562 filius,
1528 4483 1680 4544 venerunt
1701 4499 1723 4542 a
1746 4478 1882 4543 Persida

182 4605 207 4644 a
233 4581 330 4662 mayi,
360 4581 505 4646 decatum
535 4581 600 4646 illis
623 4584 759 4664 prebens
784 4584 883 4650 stella
933 4590 1010 4650 tunc
1033 4585 1146 4650 didicit
1169 4585 1309 4649 Haedos
1330 4605 1387 4649 rec
1408 4585 1472 4648 sive
1502 4583 1655 4663 toparcha
1676 4583 2025 4661 rememoremur-ra.

231 4685 316 4766 quad
345 4686 576 4766 capecrrlatores
606 4689 760 4754 cenmsent
782 4709 804 4752 a
824 4689 978 4769 partibus
999 4688 1174 4754 Persarum
1203 4693 1233 4752 et
1259 4689 1442 4753 introissent
1471 4689 1506 4751 in
1528 4685 1777 4770 Hierosolymam
1805 4687 1880 4750 cici-

232 4794 336 4854 tatern.
382 4797 410 4854 et
440 4791 551 4855 iubens
578 4813 629 4856 eos
656 4793 775 4857 adduci
802 4794 901 4874 coepit
930 4814 981 4857 ecs
1010 4793 1212 4876 interrogare.
1257 4797 1408 4857 uenerant
1437 4792 1520 4856 arim
1549 4795 1773 4873 repausantes,
1805 4791 1883 4872 quia

232 4894 356 4957 mistica
377 4895 511 4976 quedam
534 4897 639 4961 inbuti
660 4901 689 4960 et
711 4917 792 4978 quae
813 4897 859 4960 eis
880 4902 1078 4980 apparuerat
1099 4895 1190 4962 stella
1214 4897 1248 4960 in
1269 4897 1386 4961 oriente
1408 4896 1446 4959 cle
1466 4895 1695 4958 humanitatem
1714 4892 1883 4958 saluatoris

231 4999 333 5062 nostri
355 4997 430 5063 Iesu
456 4998 593 5077 Christi,
626 5001 856 5082 deferentesque
885 5001 914 5065 ei
940 5021 1074 5065 munera
1104 5005 1266 5082 tamqnam
1293 5021 1362 5064 vere
1383 5000 1449 5081 reyi
1470 5019 1582 5080 mayno
1605 5004 1634 5062 et
1657 4997 1884 5082 triumphatori
1894 5009 1942 5052 uu.
1955 5015 2028 5064 prro.

181 5125 207 5164 a
234 5101 408 5167 secundum
438 5103 526 5189 quod
553 5105 599 5168 eis
627 5102 714 5168 sidus
741 5102 782 5168 de
805 5104 896 5170 eaelo
924 5105 1136 5168 nuntiaverat.
1181 5105 1238 5185 qni
1264 5105 1360 5168 atram
1387 5103 1427 5166 ab
1449 5101 1656 5167 orientalibus
1677 5102 1883 5166 adventantes

233 5207 468 5288 interrcyabant
490 5207 641 5272 dicentes:
663 5209 719 5272 ubi
740 5214 786 5273 est
806 5209 863 5290 qni
884 5213 983 5272 notras
1005 5213 1051 5272 est
1073 5208 1266 5273 Iudaeorum
1288 5207 1368 5272 rea?
1412 5213 1441 5271 et
1463 5206 1642 5271 conturbati
1663 5211 1740 5270 sunt
1757 5205 1884 5271 Iudaei.

337 5399 360 5451 3.
379 5400 404 5451 6.
424 5398 457 5452 10
474 5418 603 5451 annonem
622 5419 666 5454 sea
682 5402 755 5452 milia
772 5411 800 5452 ut
816 5403 935 5469 efficeret,
952 5417 1073 5452 nummos
1085 5418 1102 5450 a
1114 5400 1220 5451 Malata
1232 5401 1341 5452 moditor
1356 5400 1462 5451 armauit
1476 5407 1566 5452 auctor
1636 5397 1653 5449 5
1671 5397 1883 5466 incarnationem]

232 5487 362 5540 incernam
383 5487 422 5538 C·
535 5486 581 5550 1⁶2)
588 5487 620 5540 13
638 5487 795 5557 commentis]
814 5490 948 5541 momentis
961 5489 990 5554 C,
1014 5489 1185 5540 monumentis
1203 5488 1303 5538 Maius:
1327 5485 1358 5538 ἐν
1376 5485 1431 5544 τοῖς
1447 5484 1646 5556 ὑπομνήμασιν
1663 5482 1748 5536 αὐτοῦ
1765 5485 1885 5537 Malaios

233 5570 266 5624 15
288 5574 356 5625 sicut
372 5582 446 5627 sexta
463 5577 573 5627 ....in
593 5584 699 5643 marato
715 5577 864 5629 eruderant
883 5593 915 5628 aa
936 5584 1005 5630 aaa
1023 5577 1124 5628 Graan
1228 5571 1262 5626 24
1284 5573 1356 5643 uero]
1375 5577 1432 5628 uiro
1451 5575 1474 5626 C
1575 5571 1663 5639 29r30
1680 5575 1801 5641 quamuis
1818 5574 1883 5641 repi-

231 5657 336 5727 gritent]
354 5662 466 5726 sortasse
483 5665 603 5729 quamuis
622 5667 791 5733 refragentur:
810 5659 854 5714 nai
873 5661 913 5732 μή
930 5660 1128 5732 dpocparrodarr
1146 5662 1265 5713 Malatas

335 5770 464 5810 aaronica
482 5772 517 5812 ru.
1644 5754 1678 5807 55
