4554 6314
398 379 435 439 10
636 375 638 378 ’
1047 369 1181 427 (11160611
1201 369 1391 426 sarianum

393 553 443 612 est
473 545 619 631 (patriae
647 546 780 611 61616616
815 567 847 632 p.
872 549 959 629 28,6
988 551 1022 610 61
1052 545 1129 610 61161
1161 544 1314 631 passim),
1349 565 1389 608 6ο
1422 545 1580 609 66666616
1613 543 1789 609 secundum
1823 545 1891 609 eius
1924 545 2045 610 saeculi

393 651 659 716 consuetudinem
674 649 814 714 Romani
835 649 964 734 imperii
985 649 1062 713 civis
1079 649 1275 734 provinciam
1291 668 1383 711 suam
1398 647 1566 732 significet.
1604 646 1855 712 dominationem
1870 649 2045 713 violentam

392 754 613 820 Romanorum
631 752 676 839 (p.
690 750 807 836 30,16)
831 773 902 817 cum
923 751 1037 816 iisdem
1061 751 1221 816 coloribus
1243 752 1357 836 pingat
1378 757 1476 836 atque
1499 750 1682 815 Brittonum
1705 752 1866 835 ignaviam
1890 751 1937 836 (p.
1951 753 2002 833 30,
2015 755 2044 816 8.

393 858 523 941 35,15)
553 858 767 944 reprehensor
797 855 934 920 acerbus
961 860 996 920 et
1022 861 1058 919 ut
1085 855 1154 939 1666
1178 855 1223 918 611
1245 855 1411 940 querulus,
1438 854 1643 918 nihilominus
1665 855 1816 938 proponit
1839 854 1900 918 6161
1922 855 2044 920 insulae

393 962 479 1027 vices
494 981 624 1025 6666666
640 960 830 1041 tenporibus
845 961 1070 1040 imperatorum
1085 959 1302 1024 Rornanorum
1317 982 1349 1044 p.
1363 962 1414 1041 20,
1433 963 1469 1024 18
1488 965 1521 1022 61
1535 959 1734 1024 Britanniam
1757 960 1904 1044 agnoscit
1925 960 2045 1024 1661666

395 1085 466 1130 6666
484 1063 678 1130 1166666166
692 1085 724 1150 p.
738 1066 790 1144 30,
814 1067 850 1128 10
875 1084 1012 1149 eamque
1036 1064 1179 1148 queritur
1201 1063 1360 1147 ingratam
1383 1063 1481 1128 fuisse
1502 1083 1567 1127 non
1587 1082 1660 1126 raro
1680 1063 1909 1126 transmarinis
1923 1064 2047 1144 repobus

393 1189 424 1252 p.
438 1171 521 1250 20,4
546 1174 579 1232 61
602 1168 743 1253 tyrannis
767 1168 901 1252 opponit
924 1167 1127 1248 imperatores
1154 1167 1305 1248 1661116666
1326 1188 1358 1252 6.
1377 1169 1428 1245 33,
1448 1171 1478 1248 6,
1508 1166 1724 1232 desciscentes
1739 1165 1881 1246 ,6666666
1902 1167 2046 1253 66661161

392 1293 424 1356 6.
442 1273 559 1353 30,14.
592 1271 741 1334 66166666
763 1271 903 1335 66666116
928 1292 967 1336 66
990 1271 1136 1352 66611166,
1160 1270 1247 1355 6666
1264 1291 1377 1335 666166
1389 1269 1569 1334 Raraunum
1585 1289 1624 1334 eo
1640 1276 1798 1356 tempore,
1821 1290 1884 1355 quo
1900 1270 2046 1355 legiones

392 1374 529 1439 insulam
544 1373 746 1455 tutabantur,
769 1381 805 1438 ut
820 1374 927 1439 verbis
949 1376 1092 1460 agnitum
1117 1373 1162 1460 (p.
1180 1377 1231 1456 32,
1249 1377 1300 1438 27.
1324 1377 1375 1456 34,
1392 1373 1437 1458 6),
1460 1375 1505 1438 116
1528 1373 1569 1437 66
1592 1393 1706 1438 ntcrem
1726 1373 1863 1456 16666666
1882 1394 1947 1438 666
1968 1375 2046 1438 66116

392 1483 608 1563 propagatum
630 1474 676 1563 (p.
691 1481 743 1556 32,
757 1475 823 1558 27),
847 1484 921 1563 6661
937 1479 1115 1542 exercitum
1129 1476 1323 1559 Romanum,
1346 1483 1381 1541 ut
1397 1483 1509 1541 auctor
1523 1482 1643 1557 narrat,
1666 1484 1813 1562 tempore
1830 1477 1964 1542 Maximi
1987 1477 2044 1542 ad·

393 1580 528 1644 versarii
551 1579 697 1644 Gratiani
721 1585 755 1643 61
777 1578 952 1644 Theodosii
983 1581 1027 1666 (p.
1053 1583 1104 1662 33,
1121 1580 1153 1664 2)
1184 1601 1227 1645 ex
1255 1581 1358 1644 insula
1382 1579 1573 1659 deductum,
1596 1579 1679 1643 iusta
1702 1581 1804 1644 tutela
1827 1580 1941 1656 caruit3
1969 1600 2043 1644 nam

394 1703 588 1769 quamquam
611 1683 751 1748 Romani
773 1683 897 1748 inritati
926 1684 967 1748 66
995 1685 1148 1749 insulanis
1179 1685 1411 1770 spondentibus
1438 1685 1471 1749 in
1498 1683 1568 1749 1166
1589 1704 1625 1749 66
1654 1703 1821 1748 mansuros
1851 1681 1896 1770 (p.
1922 1685 2045 1767 33,16)

392 1786 442 1852 616
471 1786 513 1851 66
541 1786 746 1872 repellendos
773 1787 883 1851 hostes
912 1785 1091 1870 redienmt,
1117 1787 1260 1852 secunda
1286 1789 1356 1853 6166
1380 1789 1512 1870 patriae
1542 1788 1734 1852 6666611661
1763 1788 2045 1874 6666116666666

394 1912 465 1956 6666
499 1911 684 1962 reversuros
721 1889 768 1976 (p.
800 1889 944 1976 34,10),
984 1890 1017 1955 16
1056 1891 1142 1977 6666
1182 1891 1299 1958 661666
1335 1893 1405 1979 1666
1443 1913 1585 1957 summus
1623 1892 1689 1958 dux
1725 1890 1840 1956 Aetius
1880 1891 2047 1956 confirmat

393 1993 439 2080 (p.
464 1997 514 2076 36,
534 1993 578 2079 4).
622 1994 790 2058 hortantur
823 1993 963 2058 Romani
998 1995 1177 2076 insulanos,
1216 2002 1252 2059 ut
1289 1997 1351 2083 ipsi
1384 1995 1557 2060 libertatem
1568 1995 1592 2080 ¹)
1628 1997 1701 2060 totis
1735 1995 1855 2059 viribus
1888 1993 2047 2058 vindicent

394 2097 439 2183 (p.
454 2099 505 2180 34,
522 2096 589 2183 21),
613 2098 776 2183 efficitque
799 2096 832 2160 id
854 2103 929 2182 post
951 2097 1049 2183 longa
1073 2099 1221 2183 ignaviae
1237 2106 1386 2186 tempora
1401 2098 1486 2163 felici
1502 2099 1631 2164 fortuna
1646 2098 1837 2163 Ambrosius
1854 2095 2047 2160 Aurelianus

393 2201 439 2287 (p.
463 2200 598 2286 40,12).
643 2201 752 2285 116666
776 2220 839 2285 666
871 2207 1017 2285 tempore
1048 2200 1161 2266 (111666
1189 2203 1329 2288 scripsit,
1359 2201 1501 2267 desierat
1523 2201 1653 2288 quidem
1676 2203 1780 2266 insula
1803 2220 1874 2265 esse
1898 2199 1956 2264 666
1985 2200 2045 2263 im-

392 2304 595 2391 peratoribus
617 2304 772 2368 Romanis
794 2303 1060 2390 praesidibusquc
1084 2305 1126 2368 ab
1149 2305 1227 2390 ipsis
1249 2306 1354 2370 missis
1378 2304 1525 2391 (rectores
1547 2327 1578 2392 p.
1603 2309 1655 2387 30,
1672 2309 1701 2370 6.
1726 2308 1851 2386 33,10;
1869 2302 2047 2387 praepositi

393 2430 424 2493 p.
448 2407 573 2491 30,16)
609 2413 642 2472 61
674 2407 811 2493 6666661
841 2408 962 2492 regulis
994 2408 1120 2489 multis,
1155 2411 1209 2494 qui
1245 2411 1368 2475 auctori
1402 2408 1548 2475 dicuntur
1580 2409 1677 2474 modo
1716 2429 1801 2490 repes
1830 2408 1882 2472 vel
1915 2406 2048 2490 tyranni

393 2509 579 2597 (6.41,15;
608 2531 693 2591 repes
721 2510 812 2574 66661
841 2509 1036 2587 Britannia,
1066 2511 1121 2575 666
1150 2516 1312 2593 prunam.
1345 2513 1541 2598 31,4661.),
1574 2512 1670 2577 modo
1702 2517 1834 2577 rectores
1865 2510 1932 2596 (27,
1950 2511 1982 2593 7)
2014 2515 2047 2572 61

393 2613 488 2676 daces
510 2613 555 2698 (p.
573 2619 625 2695 45,
642 2613 686 2698 2),
709 2613 769 2678 666
789 2615 876 2678 61666
891 2614 1096 2679 nihilominus
1117 2622 1303 2680 manserunt
1325 2617 1464 2681 Romani
1488 2622 1522 2680 et
1545 2637 1583 2681 eo
1606 2617 1735 2681 nomine
1757 2615 1952 2700 belligerant
1974 2633 2047 2677 cum

395 2717 500 2782 Sectis
516 2717 680 2803 Pictisque
697 2718 943 2804 Saxonibusque
960 2719 1112 2803 gentibus
1127 2718 1282 2784 barbaris.
1318 2726 1462 2785 ceterum
1477 2720 1560 2785 hacc
1576 2725 1612 2784 ut
1626 2719 1668 2784 ad
1684 2717 1905 2784 condicionem
1920 2717 2046 2782 civilem

393 2821 566 2905 pertinent,
589 2823 635 2885 116
657 2821 699 2886 66
722 2823 851 2908 linguae
867 2822 1037 2888 Romanae
1059 2845 1152 2888 usum
1175 2845 1381 2911 nequaquem
1404 2824 1630 2891 transferenda
1653 2829 1734 2888 sunt.
1770 2825 1842 2909 ipse
1858 2821 1969 2887 Gildas
1992 2822 2047 2885 1116

394 2944 453 2988 666
475 2925 657 2989 narratione
680 2926 859 2991 luculenter
880 2926 1001 2992 indicat
1023 2949 1064 2992 ne
1088 2948 1127 2993 co
1151 2928 1282 3014 quidem
1305 2935 1465 3015 tempore,
1489 2949 1552 3014 quo
1575 2929 1722 3014 legiones
1741 2925 1927 2990 Britanniae
1950 2945 2045 3010 prae·

396 3026 559 3109 sidebant,
583 3049 706 3092 morem
729 3029 884 3115 legesque
907 3030 1071 3094 Romanas
1094 3051 1153 3116 per
1175 3032 1313 3096 insulam
1336 3033 1414 3096 satis
1436 3033 1595 3116 viguisse,
1619 3030 1719 3095 multo
1742 3029 1847 3094 minus
1869 3028 1967 3112 igitur
1988 3047 2047 3113 per

396 3133 527 3196 saecula
548 3133 738 3217 posteriora.
776 3138 920 3198 attamen
943 3155 1015 3198 cum
1029 3135 1063 3198 in
1078 3135 1270 3218 civitatibus,
1294 3155 1377 3221 quae
1395 3135 1511 3201 Gildae
1535 3141 1644 3199 aetate
1667 3135 1744 3198 licet
1767 3133 1914 3198 ruinosae
1937 3139 2046 3196 166666

395 3236 621 3321 666661666661
648 3237 693 3321 (6.
710 3239 762 3318 28,
782 3239 829 3301 13.
854 3240 905 3319 30,
924 3238 986 3321 17),
1015 3244 1083 3301 tum
1109 3239 1251 3302 maxime
1280 3240 1312 3303 in
1341 3238 1543 3304 monasteriis
1565 3238 1619 3303 vel
1642 3258 1682 3301 ea
1708 3243 1817 3302 aetate
1845 3237 2047 3322 aliquatenus

395 3337 532 3403 Latinae
547 3341 677 3424 linguae
698 3341 795 3405 etiam
812 3339 1032 3426 quotidianum
1054 3361 1147 3406 usum
1172 3341 1335 3407 duravisse
1359 3341 1562 3424 crediderim,
1586 3349 1619 3405 ct
1642 3342 1772 3407 omnino
1796 3341 1925 3426 linguae
1941 3339 2047 3404 cultae

395 3443 561 3527 usurpatio
585 3447 653 3506 tum
677 3442 806 3508 demum
829 3449 897 3508 tota
921 3445 1060 3526 tollitur,
1084 3465 1157 3510 cum
1184 3447 1282 3511 etiam
1304 3447 1337 3511 in
1359 3447 1474 3512 litteris
1497 3447 1600 3511 altera
1622 3445 1654 3509 ei
1674 3445 1884 3526 substituitur,
1906 3442 1940 3508 id
1962 3441 2048 3529 quod

395 3547 427 3608 in
445 3545 614 3611 Britannia
637 3553 711 3632 post
733 3549 862 3612 6666616
886 3548 1015 3614 demum
1039 3550 1184 3614 evenisse
1207 3571 1305 3615 nemo
1328 3550 1482 3636 ambiget.

499 3857 625 3922 Titulus
648 3859 755 3944 operis
778 3859 832 3944 qui
854 3859 960 3940 fuerit,
983 3879 1097 3944 parum
1121 3865 1255 3925 constat.
1302 3859 1407 3924 codex
1431 3859 1600 3945 primarius
1622 3856 1833 3922 Cottonianus
1855 3877 1927 3922 cum
1949 3857 2046 3923 hodie

395 3968 429 4025 et
449 3961 605 4047 principio
630 3967 739 4026 careat
761 3968 795 4026 et
815 3962 889 4044 1166,
914 3963 1102 4049 apographo
1120 3963 1188 4028 eius
1204 3963 1309 4044 (nobis
1325 3961 1373 4046 D)
1397 3983 1417 4026 a
1438 3963 1593 4048 principio
1608 3962 1688 4025 item
1703 3961 1816 4026 mutilo
1833 3961 2046 4046 subscriptum

394 4066 435 4129 sit
457 4065 517 4130 sic:
540 4063 669 4146 explicit
690 4063 768 4129 tiber
788 4087 813 4130 s.
841 4065 956 4130 (111666
978 4067 1100 4132 6666116
1121 4072 1150 4132 61
1171 4066 1417 4149 bistoricprapbi
1439 4065 1616 4147 Anplarnrn
1644 4070 1674 4130 et
1695 4071 1811 4143 661666,
1834 4064 1933 4130 661116
1960 4065 2046 4150 6616-

395 4189 471 4254 6666
494 4167 536 4232 66
551 4167 780 4233 (161166166666
794 4169 912 4234 librum
927 4171 1128 4255 potissimum
1151 4171 1308 4236 edomata
1323 4169 1385 4257 (Ρ)
1408 4170 1611 4256 praescribit:
1635 4169 1749 4249 incipit
1764 4168 1915 4251 66616666
1932 4168 2047 4233 (111666

394 4271 555 4352 Sapientis
576 4271 962 4338 66666161611611666166
984 4280 1013 4338 et
1035 4281 1205 4356 conquesta
1226 4276 1364 4340 61666666
1391 4295 1429 4340 66
1450 4274 1547 4354 flebili
1569 4275 1773 4356 castipatrbnc
1795 4274 1832 4337 in
1853 4295 1937 4356 repes
1953 4275 2047 4354 prin-

394 4375 478 4455 cipes
499 4379 529 4438 61
550 4375 733 4454 sacerdotes,
758 4375 946 4441 subscribit:
969 4377 1098 4458 explicit
1119 4378 1251 4460 66161616
1269 4377 1384 4444 (111666
1400 4377 1570 4458 Sapientis,
1594 4377 1693 4443 editio
1717 4380 1820 4442 altera
1843 4376 1885 4442 ad
1907 4377 2046 4442 eundem

395 4478 510 4542 librum
534 4477 719 4563 diligentius
743 4486 860 4544 exacta
883 4480 941 4566 (Q)
964 4483 1068 4568 ipsum
1090 4482 1236 4548 libellum
1264 4487 1488 4569 repraesentet
1514 4502 1620 4567 neque
1652 4482 1905 4568 praescriptione
1936 4480 2047 4546 addita

394 4601 499 4667 neque
530 4581 779 4667 subscriptione,
804 4585 932 4648 titulum
960 4591 1069 4649 autem
1097 4586 1130 4649 in
1160 4585 1330 4650 voluminis
1358 4585 1462 4650 166166
1486 4585 1722 4649 itaiormavit:
1749 4583 1880 4662 Giidac,
1904 4586 1958 4649 cni
1979 4605 2046 4666 cop·

394 4706 505 4750 namen
527 4691 573 4750 est
595 4683 770 4768 Sapientis,
800 4688 838 4752 de
864 4688 986 4753 accidia
1008 4693 1038 4752 61
1059 4694 1229 4768 maqueda
1251 4689 1448 4754 Britanniae
1476 4709 1514 4752 aa
1543 4688 1641 4767 flebili
1668 4689 1873 4770 6666611666
1895 4689 1931 4753 16
1953 4707 2046 4770 repes,

388 4789 554 4871 principes
575 4796 605 4854 61
625 4791 802 4856 enecans
824 4789 964 4871 66161616.
1014 4791 1139 4857 6666611
1167 4791 1252 4877 6666
1281 4793 1335 4878 661
1359 4791 1586 4857 cottonianum
1613 4791 1757 4857 codicem
1783 4793 1946 4877 integrum
1967 4791 2048 4857 vidit

394 4901 506 4959 auctor
521 4895 661 4981 catalogi
677 4894 862 4960 Cottoniani
884 4917 913 4958 a.
934 4899 1014 4960 1606
1038 4896 1082 4959 611
1105 4897 1137 4959 16
1160 4917 1200 4960 66
1223 4897 1288 4982 legi
1307 4895 1437 4960 (1116666
1459 4895 1496 4960 dc
1518 4895 1639 4960 6661616
1654 4895 1860 4960 Britannice.
1882 4897 1916 4960 in
1935 4895 2046 4961 codice

393 4998 586 5063 Abrincensi
609 4997 715 5081 (nobis
732 4999 778 5082 A)
807 4999 1002 5085 interpolato
1031 5006 1143 5071 auctor
1178 4999 1292 5064 dicitur
1324 4998 1477 5080 pac-ratas
1506 4997 1604 5063 Gilda
1632 5000 1665 5062 16
1694 5000 1801 5085 666616
1830 5000 2045 5084 166661611666,

393 5107 565 5187 praeterea
588 5106 654 5164 tem
676 5103 708 5164 in
730 5102 858 5188 prologi
880 5103 1133 5188 praescriptione
1158 5124 1254 5188 quam
1276 5104 1309 5166 in
1333 5104 1439 5189 operis
1455 5103 1691 5188 subscriptione
1707 5104 1816 5168 beatus
1835 5102 1942 5182 Grida,
1966 5124 2046 5188 opus

393 5207 425 5270 in
448 5204 576 5289 prologi
599 5205 851 5289 praescriptione
882 5204 960 5270 liber
988 5207 1026 5271 66
1050 5208 1146 5288 pestis
1167 5207 1355 5284 Britcnnm,
1384 5207 1416 5272 in
1445 5207 1552 5294 operis
1581 5213 1614 5272 et
1637 5207 1889 5292 praescriptione
1914 5213 1948 5271 et
1970 5207 2046 5271 sub-

393 5307 567 5396 scriptione
590 5305 668 5371 liber
690 5307 728 5371 de
749 5308 886 5372 miseriis
907 5314 936 5374 ct
952 5311 1289 5390 praevaricationibus
1312 5316 1341 5375 ct
1363 5311 1485 5376 6661616
1509 5310 1714 5375 Britanniae.
1759 5311 1856 5394 longe
1879 5309 2047 5375 deterioris

394 5425 548 5433 --.ι----

497 5481 524 5546 1)
543 5483 664 5548 Sequitur
680 5499 757 5533 usum
776 5481 885 5534 labentis
903 5484 993 5535 6616116
1018 5487 1159 5537 Romanum
1178 5486 1311 5552 imperium
1330 5486 1379 5537 sub
1397 5485 1522 5538 libertatis
1534 5485 1661 5538 vocabulo
1673 5483 1854 5536 celebrantem.
1889 5485 2047 5536 lastinianus

293 5629 296 5635 ¹
392 5571 447 5622 eod.
467 5568 490 5634 1,
504 5567 550 5620 27:
569 5577 597 5619 nt
616 5569 712 5636 Africa
724 5585 775 5634 per
791 5587 839 5620 nos
858 5605 904 5621 ...
923 5569 1046 5635 reciperet
1062 5571 1210 5624 libertatem.
1246 5572 1398 5638 obsequium
1415 5573 1558 5639 imperatori
1576 5573 1622 5638 qui
1639 5572 1767 5636 denegant
1784 5571 1812 5622 in
1828 5572 1966 5637 prouinciis
1978 5587 2047 5638 quas

392 5659 497 5708 suerunt
515 5655 614 5722 imperii
632 5656 749 5718 Romani,
768 5671 856 5707 omnes
873 5663 935 5708 sunt
952 5658 1064 5722 tyranni.
