4552 6308
1171 1362 1257 1454 IV.

893 1549 1087 1646 FASTI
1120 1548 1538 1644 HERAOLIANI

970 1725 1014 1798 A.
1044 1719 1467 1798 CCXXII-DOXXX

1041 1863 1111 1929 ΕΙ).
1135 1863 1178 1927 Η.
1196 1862 1382 1928 VSIINER.
1481 1891 1483 1898 .

395 2137 410 2160 ‚
490 2041 523 2138 F
526 2078 613 2136 astos
635 2071 849 2137 Heraclianos
878 2093 934 2136 eos
958 2071 1107 2152 dicimus,
1139 2092 1219 2157 quos
1248 2069 1290 2135 ad
1321 2072 1492 2156 imperium
1516 2069 1659 2135 Heraclii
1683 2068 1840 2136 deductos
1863 2094 1906 2136 ex
1929 2072 2047 2138 oodIce

387 2175 495 2258 legum
518 2177 539 2239 i.
557 2197 587 2240 e.
611 2197 654 2239 ex
677 2178 829 2263 exemplo
853 2175 971 2240 codicis
994 2174 1215 2239 Theodosiani
1238 2182 1383 2262 sumptos
1406 2176 1591 2262 Stephanus
1607 2175 1848 2240 Alexandrinus
1873 2175 2049 2240 adornavit

389 2275 443 2362 (cl.
464 2300 495 2362 p.
510 2283 571 2343 368
584 2281 660 2365 sq.);
692 2281 767 2344 olim
794 2278 941 2344 Relando
965 2285 1097 2344 auctore
1130 2280 1241 2344 ‘lastos
1264 2279 1467 2345 Florentinos
1490 2277 1639 2344 maiores’
1666 2281 1780 2345 inseite
1804 2280 1966 2344 vocabant
1989 2282 2045 2363 (cf.

387 2404 485 2469 supra
499 2404 531 2469 p.
543 2382 630 2469 370).
665 2386 805 2449 servavit
818 2405 873 2448 eos
888 2405 970 2448 unus
983 2384 1088 2449 codex
1104 2385 1321 2450 bibliothecae
1339 2386 1487 2472 publicae
1498 2385 1668 2450 Leidensis
1685 2384 1741 2469 (cl.
1758 2405 1788 2470 p.
1803 2386 1864 2449 363
1874 2381 1947 2469 sq.).
1984 2383 2047 2449 sed

386 2506 428 2549 ne
452 2487 665 2572 apographon
687 2487 818 2573 quidem
842 2489 920 2568 eius,
944 2489 1162 2552 bibliothecas
1185 2489 1423 2555 Laurentianus
1447 2489 1549 2576 plutei
1572 2486 1721 2552 XXVIII
1745 2486 1850 2551 codex
1866 2485 1932 2550 XII
1953 2495 2047 2552 caret

387 2591 538 2654 utilitate.
584 2592 672 2655 cuius
697 2612 758 2678 ops
782 2611 854 2656 oum
878 2591 997 2657 scheda
1019 2593 1052 2656 in
1075 2592 1186 2656 codiee
1202 2591 1356 2658 Leidensi
1378 2595 1461 2657 inter
1484 2593 1506 2657 f.
1523 2597 1562 2656 57
1581 2598 1614 2657 et
1630 2595 1669 2657 58
1695 2591 1770 2655 olim
1794 2597 1926 2654 exsecta
1949 2592 2046 2655 resti-

387 2701 505 2776 tuatur,
533 2716 617 2759 nunc
639 2690 777 2782 primum
800 2698 943 2781 integros
965 2698 1055 2761 licuit
1076 2697 1135 2762 hos
1159 2697 1258 2762 fastos
1282 2695 1390 2762 edere.
1437 2697 1538 2762 edidit
1561 2699 1617 2762 illa
1641 2693 1763 2761 scheda
1785 2695 1926 2782 privatos
1949 2693 2045 2758 Hen-

387 2800 471 2863 ricus
494 2796 682 2864 Dodwellus
711 2799 899 2887 appendicis
929 2800 1189 2865 dissertationum
1213 2801 1477 2887 Cyprianicarum
1500 2823 1530 2886 p.
1551 2803 1609 2865 116
1623 2838 1657 2848 -
1672 2804 1729 2864 125
1753 2799 1942 2885 apographo
1964 2820 2045 2863 usus

388 2901 506 2966 codicis
528 2901 698 2967 Leidensis
726 2905 813 2991 quod
835 2905 940 2969 Isaaci
963 2905 1069 2969 Vossii
1093 2905 1199 2970 officio
1231 2904 1383 2970 debebat.
1430 2905 1606 2970 editionem
1629 2904 1887 2969 Dodwellianam
1910 2903 2045 2968 iteravit

388 3003 522 3069 Oarolus
546 3005 589 3070 du
604 3006 726 3072 Presnc
742 3009 774 3072 in
791 3008 970 3095 appendice
988 3009 1137 3074 Chronioi
1153 3009 1314 3096 paschalis
1335 3031 1365 3075 n.
1382 3010 1465 3073 XIV
1489 3012 1523 3092 (t.
1540 3008 1574 3072 II
1598 3031 1628 3094 p.
1650 3011 1816 3072 181-190
1841 3005 1892 3071 ed.
1909 3004 2042 3092 Boon).

386 3129 428 3173 ne
450 3108 590 3174 Relandi
614 3109 744 3197 quidem
769 3111 880 3177 codice
903 3114 973 3198 ipso
997 3110 1055 3176 sed
1080 3114 1232 3199 exemplo
1256 3112 1481 3177 Dodwelliano
1506 3119 1579 3176 sunt
1601 3112 1660 3175 usi.

492 3212 632 3278 ‘Mutilos
663 3216 785 3301 pariter
814 3223 912 3302 atque
941 3215 1052 3280 ordine
1083 3212 1372 3301 perturbatissimo’
1403 3215 1463 3279 hos
1495 3215 1596 3278 fastos
1625 3213 1815 3278 Dodwellus
1842 3213 1862 3278 l.
1880 3235 1905 3278 s.
1929 3234 1961 3299 p.
1984 3217 2044 3277 116

388 3314 525 3382 dixerat.
571 3338 634 3403 quo
666 3319 839 3405 opprobrio
870 3327 1062 3404 provocatus
1094 3321 1159 3383 iam
1188 3341 1251 3384 ran
1283 3319 1342 3383 der
1369 3319 1488 3405 Hagen
1521 3317 1912 3384 commanducans
1941 3317 2046 3381 fastos

388 3441 523 3505 graecos
545 3423 669 3507 priores
693 3421 964 3509 (hmstel.1735)
987 3445 1018 3509 p.
1036 3427 1203 3488 325-331
1229 3425 1300 3510 ipso
1325 3423 1436 3488 codice
1460 3423 1604 3487 adhibito
1628 3423 1705 3487 satis
1727 3425 1876 3487 accurate
1893 3420 1933 3486 de
1952 3421 2047 3485 fastis

387 3524 590 3589 Heraclianis
614 3527 746 3591 rettulit.
792 3527 851 3591 sed
874 3548 914 3591 ea
937 3549 987 3592 res
1009 3529 1126 3592 iterum
1149 3528 1277 3612 agenda
1301 3535 1351 3593 est
1374 3535 1407 3593 et
1431 3529 1566 3592 fortasse
1591 3549 1663 3593 oum
1687 3528 1793 3592 fructu
1815 3532 1939 3611 agetm.

492 3629 622 3694 Primae
640 3631 780 3717 quinque
804 3633 944 3717 paginae
961 3633 1029 3696 sine
1051 3633 1199 3717 graviore
1217 3653 1325 3696 errore
1340 3638 1428 3696 recte
1445 3632 1641 3719 procedunt;
1664 3653 1763 3696 unum
1779 3651 1874 3717 quem
1891 3629 2048 3695 omiserat

389 3733 590 3797 consulatum
613 3734 634 3798 f.
652 3739 705 3799 56ῐ
730 3736 879 3800 librarius
911 3742 943 3800 ct
971 3737 1004 3799 in
1027 3735 1143 3799 dextm
1167 3742 1200 3800 et
1222 3737 1254 3799 in
1277 3737 1403 3801 sinistro
1426 3738 1571 3820 marg'ue
1596 3737 1746 3802 restituit.
1793 3734 1879 3822 quod
1902 3735 1937 3798 si·
1952 3733 1973 3798 l.
1991 3738 2047 3798 56Ι

389 3843 462 3922 post
485 3859 514 3901 v.
532 3841 572 3902 29
596 3836 659 3903 duo
684 3841 849 3904 consulum
872 3841 1002 3905 nomina
1032 3842 1077 3904 ita
1101 3841 1219 3904 omissa
1248 3847 1320 3930 sunt
1342 3848 1379 3905 ut
1401 3863 1429 3905 a.
1446 3863 1479 3927 p.
1496 3840 1571 3905 Ohr.
1589 3845 1650 3905 253
1675 3847 1709 3904 et
1732 3843 1793 3904 254
1817 3845 1954 3923 uterque
1978 3857 2045 3900 uuo

389 3943 518 4004 consule
543 3948 666 4024 careat,
690 3943 770 4007 ordo
794 3950 903 4008 tamen
927 3965 966 4008 ea
989 3964 1024 4008 re
1049 3965 1113 4008 non
1135 3943 1293 4024 turbatur,
1321 3943 1480 4031 siquidem
1503 3945 1636 4028 singulis
1660 3943 1842 4008 consulibus
1865 3941 1939 4006 anni
1964 3943 1988 4004 Γ
2012 3947 2048 4005 et

391 4047 414 4107 d
438 4043 670 4110 adscribuntur.
715 4068 821 4134 nequo
845 4050 949 4134 magis
973 4047 1125 4112 damnum
1147 4049 1254 4112 attulit
1275 4047 1362 4134 quod
1384 4048 1405 4112 f.
1422 4052 1478 4112 57*
1502 4053 1564 4114 l.2
1589 4047 1652 4112 duo
1677 4047 1842 4112 consulum
1858 4047 1950 4132 paria
1966 4065 2045 4110 oon·

390 4148 545 4212 taminata
567 4155 642 4214 sunt
663 4151 709 4215 sic

520 4275 664 4356 τιβεριου
686 4277 814 4355 βασσου

1321 4269 1475 4357 Τιβερίου
1637 4265 1774 4337 Βάσσου
1873 4325 1899 4386 Ε
1921 4325 2006 4386 ΧΙΒ

437 4370 493 4437 καὶ
517 4372 633 4452 διωνος
654 4397 711 4440 και
734 4398 904 4440 nonturno
1819 4375 1835 4391 ⁹

927 4326 1059 4400 ΕΧΙΒ
1133 4325 1266 4390 hocest
1337 4374 1344 4395 .
1407 4372 1415 4396 ,
1605 4374 1611 4396 .
1690 4378 1706 4392 ..

1289 4401 1345 4442 και
1369 4379 1497 4454 Aaou
1557 4400 1614 4441 και
1636 4381 1834 4441 Κυιντιανου

391 4509 538 4595 adposita
568 4513 706 4596 margini
732 4513 838 4576 fuerat
867 4514 956 4578 varia
986 4515 1081 4578 lectio
1109 4514 1152 4579 ad
1179 4517 1326 4580 consules
1355 4537 1385 4580 a.
1403 4519 1458 4580 291
1488 4537 1518 4602 p.
1540 4514 1615 4580 cur.
1643 4513 1858 4599 Τιβεριανοοῦι
1879 4505 1917 4579 τὸ
1941 4499 1965 4597 fl
1986 4510 2044 4578 καὶ

390 4608 526 4693 Δίωνος,
552 4635 623 4679 eam
646 4615 794 4680 socordia
815 4617 936 4682 librarii
959 4616 1002 4681 ad
1024 4639 1052 4682 a.
1071 4622 1132 4684 289
1156 4620 1201 4683 sic
1223 4625 1259 4683 ut
1282 4617 1428 4684 ridemus
1451 4619 1623 4700 rettuht¹).

493 4717 552 4782 sed
582 4720 779 4804 gravissimis
810 4720 913 4786 turbis
937 4723 993 4788 illa
1023 4743 1120 4807 quam
1151 4724 1361 4809 apographon
1384 4723 1638 4788 Laurentianum
1661 4722 1801 4786 servavit
1824 4718 1946 4785 scheda
1967 4739 2044 4804 pos-

390 4820 540 4886 sumdata
563 4829 619 4886 est.
666 4824 718 4888 vel
734 4825 837 4909 primo
854 4832 988 4910 aspectu
1003 4847 1099 4890 nemo
1115 4847 1180 4890 non
1196 4825 1286 4890 videt
1306 4828 1339 4891 in
1362 4829 1482 4914 pagina
1506 4825 1539 4890 M
1556 4830 1631 4890 202¹
1652 4825 1796 4911 legitimo
1814 4823 1947 4888 ambitui
1963 4822 2045 4887 duos

389 4947 501 4991 versus
525 4926 640 4991 deesse
662 4928 683 4992 i.
700 4949 728 4992 e.
752 4930 844 4993 unius
875 4931 949 4994 anni
978 4931 1140 5011 consules,
1170 4950 1208 4994 ac
1238 4951 1315 4995 sane
1337 4932 1459 5017 pagina
1481 4935 1638 5017 sequente
1669 4929 1795 4994 numeri
1819 4948 1975 4992 annorum
1999 4927 2044 4992 sic

391 5031 626 5115 continuantur,
657 5037 822 5119 tamquam
852 5055 916 5097 nou
938 5033 1020 5098 XVI
1044 5033 1101 5098 sed
1125 5033 1224 5098 XVII
1247 5037 1411 5099 consulum
1436 5037 1527 5122 parta
1550 5033 1781 5098 antecesserint
1805 5031 1849 5118 (a.
1872 5031 1953 5094 Phil.
1977 5037 2046 5111 χκθ

390 5134 496 5200 Diocl.
511 5141 553 5220 κβ
575 5156 677 5221 usqua
705 5137 748 5200 ad
777 5137 861 5201 Phil.
889 5160 950 5220 χμε
972 5138 1076 5203 Diocl.
1100 5139 1149 5226 λη,
1181 5139 1236 5223 qui
1264 5141 1389 5204 numeri
1422 5138 1644 5204 additamento
1672 5159 1701 5203 r.
1724 5139 1763 5200 33
1793 5133 2044 5220 adscribuntur).

391 5246 425 5304 at
454 5260 518 5303 non
554 5261 652 5303 unum
682 5240 741 5305 sed
771 5242 912 5326 quinque
944 5243 1110 5306 consulum
1139 5244 1230 5328 paria
1259 5243 1293 5307 in
1324 5242 1475 5308 inferiore
1508 5243 1627 5328 pagiua
1655 5242 1853 5327 supplentur.
1898 5237 1957 5302 sed
1979 5259 2044 5323 quo

391 5343 515 5408 facilius
538 5343 746 5429 intellegatur
768 5365 852 5430 quae
870 5348 1035 5410 consulum
1058 5348 1188 5412 nomina
1210 5347 1318 5432 spuria
1339 5348 1411 5427 siut,
1435 5347 1596 5432 adponam
1613 5346 1719 5410 locum
1735 5349 1955 5430 comparatum
1972 5362 2045 5405 eum

391 5448 482 5512 fastis
505 5447 702 5512 Theonianis
726 5455 759 5512 et
780 5450 933 5534 volgatis:

497 5639 518 5706 ¹)
536 5656 646 5692 errorem
665 5640 731 5692 vidit
748 5648 867 5707 recteque
885 5640 1025 5710 explicavit
1042 5641 1172 5693 Relandns
1190 5643 1248 5695 fast.
1267 5659 1336 5694 cons.
1355 5639 1491 5710 p261sq.
