4554 6314
385 391 426 452 24
1041 387 1175 443 altnae
1193 386 1385 443 SAPIEN'I'IS

387 565 474 626 ‘suae
491 564 597 647 gentis
612 563 690 627 vitia
705 565 849 628 veritatis
866 583 976 626 amore
993 583 1056 626 non
1073 561 1275 648 supprimens
1291 562 1339 626 his
1356 562 1463 626 verbis
1487 562 1679 626 declaravit:
1703 584 1763 627 neo
1783 564 1815 627 in
1836 564 1923 628 bello
1940 565 2041 628 sortes

388 668 457 730 ‘neo
479 657 616 752 in‘paao
639 665 773 732 fideles’.
819 665 941 753 pendet
964 667 1078 752 opinor
1094 686 1136 730 ex
1151 665 1329 747 Willelmo,
1353 664 1412 730 sed
1435 667 1562 730 titulum
1584 666 1657 730 libri
1682 668 1826 732 enuntiat
1849 667 1891 732 ab
1913 688 1953 733 eo
1975 690 2041 734 non

386 770 536 856 positum.
571 768 658 834 idem
681 770 715 834 in
736 770 938 855 praefatione
962 771 1067 856 operis
1095 769 1183 834 citati
1206 767 1241 854 (l.
1259 790 1285 834 o.
1301 791 1332 856 p.
1355 769 1445 854 158):
1470 770 1559 855 ‘prae
1582 767 1674 850 aliis',
1703 771 1819 855 inquit,
1843 771 2040 838 ‘Britanniae

387 873 605 959 ‘scriptoribus
629 875 716 939 solus
739 874 818 938 milri
835 873 958 956 Gilda,
982 873 1108 959 quoties
1132 873 1270 938 eundem
1294 875 1451 938 materiae
1475 893 1584 938 cursus
1601 872 1762 955 obtulerit,
1786 874 1951 939 imitabilis
1967 895 2039 940 esse

387 975 534 1057 ‘videtur‚
559 976 613 1061 qui
636 997 676 1040 ea
697 997 780 1062 qnae
797 976 878 1042 vidit
901 983 933 1041 et
956 978 1025 1062 ipse
1042 978 1194 1062 cognorit
1209 977 1328 1062 scripto
1348 974 1580 1041 commendans
1597 975 1822 1062 excidiumque
1839 979 1945 1062 gentis
1961 999 2040 1044 suae

388 1080 569 1166 ‘deplorans
592 1081 699 1165 potins
722 1102 818 1168 quam
833 1080 1019 1146 describens
1036 1101 1147 1146 veram
1170 1081 1273 1166 magis
1297 1080 1465 1144 historiam
1482 1081 1586 1144 texuit
1602 1100 1697 1165 quam
1715 1085 1871 1144 ornatam.
1911 1080 2042 1146 Gildam

386 1184 505 1269 ‘itaque
521 1182 670 1248 Giraldus
693 1185 836 1270 sequitur
934 1186 1038 1249 tactus
1055 1184 1200 1248 eiusdem
1215 1185 1288 1270 plus
1304 1185 1463 1270 sapientia
1479 1205 1576 1269 quam
1593 1184 1780 1268 eloquentia
1801 1233 1808 1247 .
1826 1233 1833 1247 .
1851 1234 1858 1248 .
1878 1183 2042 1252 imitator'.

386 1289 449 1352 alio
472 1289 544 1352 loeo
568 1286 639 1374 (1.2
664 1291 725 1352 al
747 1310 779 1375 p.
796 1288 874 1375 209)
891 1287 1016 1354 Aurelii
1032 1288 1197 1353 Ambrosii
1220 1289 1418 1352 mundonem
1440 1288 1573 1352 iniciens
1596 1287 1642 1352 ait
1665 1307 1739 1352 eum
1760 1286 1910 1352 laudibus
1933 1288 2042 1353 efferri

385 1391 427 1456 ab
442 1392 611 1476 Eutropio,
635 1391 676 1456 de
701 1413 763 1478 quo
787 1391 945 1458 vocabulo
971 1393 1095 1457 dicetur
1117 1391 1159 1456 ad
1181 1391 1347 1456 historiam
1371 1387 1582 1457 Nonnianam.
1629 1391 1766 1456 fabellas
1790 1392 1858 1456 eius
1882 1391 2039 1456 Gildanas

388 1516 486 1581 supra
507 1518 538 1581 p.
556 1499 574 1557 4
598 1494 772 1559 attulimus.

491 1683 731 1772 O-rthographia
753 1687 825 1751 libri
848 1687 990 1774 primarii
1015 1687 1044 1753 Ο
1067 1688 1200 1774 antiqua
1223 1692 1285 1768 est,
1315 1685 1348 1750 id
1378 1691 1427 1750 est
1455 1706 1520 1749 non
1548 1705 1620 1748 raro
1644 1684 1851 1750 reremedio
1875 1706 1956 1750 aevo
1980 1687 2043 1750 ob·

386 1788 544 1870 litterata,
573 1789 618 1853 ibi
647 1797 756 1855 autem
785 1791 841 1856 ubi
868 1813 888 1855 a
911 1812 988 1856 vera
1012 1792 1157 1873 aberrat,
1187 1792 1258 1877 ipsa
1279 1790 1358 1856 vitia
1384 1791 1574 1877 plerumque
1599 1793 1672 1853 sunt
1695 1810 1737 1854 ex
1760 1809 1880 1874 genero
1903 1795 2041 1855 vetusto.

389 1893 499 1957 notavi
521 1892 613 1957 haee.

430 2018 477 2074 aa,
500 2018 525 2074 e,
549 2017 599 2062 oa:

542 2101 632 2165 aciae
656 2100 750 2188 (abl.)
774 2140 816 2148 -
838 2103 975 2168 aeditus.

542 2226 664 2270 merem
688 2205 743 2292 (=
767 2206 942 2290 maerens).
987 2212 1076 2271 reete
1099 2207 1250 2272 caustis.

537 2330 648 2390 poeria
672 2310 726 2393 (=
750 2310 882 2396 poena).
927 2316 1015 2375 reete
1038 2311 1241 2376 oboedientia.

537 2415 736 2494 poenitentia
758 2413 807 2497 (et
829 2414 874 2478 sio
897 2419 930 2478 et
952 2418 1040 2478 reete
1057 2413 1285 2498 paeniturtia).

431 2538 456 2594 e,
480 2537 510 2579 a:

544 2603 722 2686 ructuare.
769 2608 858 2669 rsots
879 2605 1022 2685 palestria
1045 2602 1150 2689 (oerts
1173 2603 1237 2686 DQ
1259 2606 1310 2684 39,
1332 2608 1356 2666 l.
1381 2606 1434 2684 42,
1451 2603 1494 2687 2).

431 2728 453 2783 i,
501 2727 510 2768 :

474 2729 497 2790 y
546 2797 623 2876 tyro.

434 3084 451 3149 b
512 2945 763 3050 'euacua

452 3106 521 3166 ‚a

434 2915 460 2972 o,
483 2917 507 2959 u

511 3135 517 3150 Ι
538 3173 702 3258 puplicae.

434 3300 459 3356 c,
483 3299 515 3360 q·
546 3384 688 3446 quorum
710 3362 766 3450 (=
791 3363 920 3448 aoruus)
943 3369 995 3445 45,
1013 3366 1065 3430 23.
1110 3363 1179 3428 lere
1203 3362 1323 3427 cotidie.

435 3489 460 3545 ⁶'
483 3472 511 3530 t'
545 3553 705 3619 auaui.
749 3560 838 3619 aaa
861 3553 1012 3619 cauea.

435 3658 466 3735 d,
490 3663 519 3721 t:

434 3847 525 3928 aa

435 4033 471 4099 h:

545 3743 661 3825 iuquid
683 3781 724 3791 —
746 3745 846 3809 uelud.
893 3751 1004 3810 sonna
1026 3749 1072 3808 set
1093 3745 1284 3831 plerumque
1307 3741 1351 3808 D.

533 3895 703 4013 ‘fantasia

548 4121 668 4187 ecc-ibero
690 4162 732 4171 -
755 4122 900 4190 habunde
921 4124 1001 4190 lere.

436 4247 476 4305 m,
498 4247 534 4292 n·
546 4312 740 4396 aliquandiu
762 4351 803 4361 --
825 4320 914 4381 reate
936 4321 1108 4398 tamquam.

437 4423 458 4494 t,
482 4423 522 4481 ct·
546 4509 635 4568 reete
658 4508 760 4568 artus.

435 4628 467 4684 a,
489 4627 545 4671 as:

548 4693 711 4759 amatio.

437 4799 613 4884 geminatio
638 4799 882 4865 consonantium
906 4819 1005 4884 saepe
1029 4799 1196 4884 neglecta:

548 4902 666 4983 diferre
689 4941 726 4950 —
751 4901 840 4968 tastu
862 4941 904 4950 -
926 4902 1118 4982 ofendiouta.
1163 4909 1251 4968 reete
1275 4901 1443 4966 coiaubium
1467 4900 1625 4963 -immo
1649 4938 1688 4946 —
1713 4897 1812 4963 milia.

437 5005 646 5072 adsimilatis:

548 5109 735 5174 adsimilare
756 5131 836 5176 eorr.
858 5111 892 5176 in
914 5109 1103 5175 assimilare.

548 5213 693 5279 canutus
715 5251 757 5261 -
779 5215 958 5296 crapulata.

548 5319 711 5382 inuasurus
734 5355 776 5364 -
798 5319 954 5383 inminere
975 5337 1055 5383 oorr.
1079 5318 1111 5382 in
1135 5318 1304 5382 imminere.

549 5421 721 5502 offirmare.

1018 5614 1428 5622 ——--—-—-———
