4634 6286
835 297 908 353 CVII
929 297 1208 352 ADDITAMEN'IIS
1228 297 1369 369 NENNII.
1869 305 1927 364 129

270 475 409 538 XXXV.
435 475 581 548 Qualiter
604 473 753 537 Britones
777 493 919 536 annonas
945 471 1128 536 Senonibus
1153 473 1385 558 promiserunt,
1409 479 1444 536 ut
1472 493 1530 556 pro
1556 473 1601 536 cis
1629 472 1783 537 adversus
1806 474 1927 554 hostes,

357 579 480 644 scilicet
502 579 612 642 Pictos
636 583 669 640 et
693 578 821 641 Scottos
845 576 1044 658 dimicarent,
1069 576 1127 641 sed
1151 582 1265 662 postea
1288 577 1395 641 facere
1419 577 1599 653 noluerunt.

270 682 427 747 XXXVI.
459 682 607 758 Qualiter
633 703 692 745 rex
715 679 928 766 Gortigernus
951 680 1185 745 Romvvennam
1209 681 1308 744 filiam
1331 680 1483 765 Hengisti
1507 679 1707 745 adamaverit
1731 687 1764 746 et
1787 681 1925 761 duxerit,

358 793 391 850 et
415 783 568 850 Oanciam
592 786 653 849 sibi
675 785 707 848 in
731 783 840 849 dotem
866 784 1001 850 dederit.

271 888 447 956 XXXVII.
482 889 630 962 Qualiter
655 888 833 974 Hengistns
862 888 972 954 Ottam
1002 889 1102 952 lilium
1133 909 1224 953 suum
1259 893 1292 952 et
1320 887 1469 952 Ebissam
1497 889 1597 953 filium
1624 888 1712 953 Hora
1742 889 1847 953 fratris
1879 889 1928 953 sui

358 992 401 1056 ad
431 993 630 1078 aquilonales
659 999 768 1077 partes
795 993 982 1057 Britanniae
1013 993 1173 1072 invitavit,
1206 999 1239 1056 et
1268 1013 1364 1077 quarn
1393 992 1551 1057 sediciose
1575 1015 1656 1078 gens
1681 993 1845 1058 Saxonum
1868 1015 1928 1080 per

359 1097 557 1182 Hengistum
580 1103 696 1182 postea
720 1098 803 1160 clam
826 1103 860 1160 et
882 1117 1057 1182 parumper
1078 1096 1214 1161 venerit.

272 1200 465 1265 XXXVIII.
497 1198 668 1274 Quomodo
692 1220 751 1263 rex
775 1199 988 1285 GortIgernus
1011 1200 1109 1264 filiam
1133 1221 1224 1263 suam
1249 1201 1412 1285 propriam
1436 1202 1605 1265 violaverit
1632 1208 1665 1265 et
1697 1200 1737 1266 de
1766 1223 1804 1265 ea
1828 1201 1927 1266 filium

357 1306 506 1390 genuerit
529 1311 562 1368 et
581 1305 705 1368 'odmen
727 1305 760 1368 in
784 1305 972 1390 episcopum
996 1311 1184 1389 retorquere
1200 1304 1348 1386 voluerit,
1373 1311 1406 1368 et
1428 1311 1538 1369 sancto
1556 1304 1721 1370 Germano
1746 1307 1926 1392 imperante

356 1409 388 1472 in
417 1409 551 1472 concilio
582 1429 689 1472 coram
720 1409 867 1472 omnibns
896 1409 936 1472 ab
966 1409 1088 1472 Infante
1118 1407 1281 1492 proditum
1312 1409 1417 1473 scelus
1446 1410 1531 1473 illius
1560 1411 1601 1473 sit
1634 1416 1667 1474 et
1697 1410 1741 1472 sic
1778 1431 1798 1472 a
1830 1410 1927 1474 beato

358 1511 521 1577 Gennano
546 1518 579 1577 et
603 1514 689 1576 omni
712 1518 871 1576 conventu
895 1496 1087 1598 dampnatus
1111 1512 1160 1575 sit.

271 1616 429 1680 XXXIX.
464 1616 568 1690 Quale
592 1617 758 1681 consilium
781 1615 931 1680 Britones
954 1618 1025 1700 regi
1048 1615 1243 1701 Gortigerno
1268 1615 1438 1680 dederunt.

271 1721 341 1785 XL.
374 1719 544 1793 Quomodo
569 1742 640 1785 curn
669 1721 773 1805 magis
801 1721 865 1784 suis
887 1721 994 1785 locum
1018 1720 1141 1784 castelli
1166 1741 1324 1806 quaerens
1355 1718 1544 1799 Snaudune,
1567 1718 1600 1784 id
1625 1725 1674 1783 ost
1703 1719 1796 1784 Mons
1826 1719 1927 1802 Nivis,

356 1826 527 1911 repererit,
551 1825 609 1889 sed
632 1825 734 1889 omnis
758 1825 893 1889 collecta
915 1825 1067 1889 materies
1091 1824 1185 1889 tertio
1217 1825 1322 1889 subito
1347 1831 1433 1889 terra
1456 1823 1643 1888 dehiscente
1676 1826 1807 1890 absorta
1830 1826 1881 1890 sit.

271 1927 359 1992 XLI.
396 1928 565 2002 Quomodo
594 1949 653 1992 rex
681 1928 893 2014 Gortigernus
924 1950 1037 2014 magos
1068 1950 1144 1992 suos
1168 1930 1339 2010 consuluit,
1370 1930 1423 2014 qni
1455 1931 1485 1991 ei
1517 1928 1753 2013 responderunt
1783 1928 1928 1994 dieentes

358 2055 392 2097 se
415 2055 479 2096 non
503 2054 597 2117 posse
621 2054 728 2096 arcem
751 2033 934 2114 aedificare,
957 2034 1017 2097 nisi
1040 2035 1127 2119 prius
1151 2040 1381 2120 aspergeretur
1401 2034 1558 2118 sangnine
1583 2033 1715 2097 alicuius
1739 2035 1847 2119 pueri,
1872 2035 1928 2120 qni

359 2139 427 2201 sine
451 2143 543 2222 patre
568 2139 801 2222 conciperetur.

272 2239 375 2303 XLII.
409 2239 460 2304 De
485 2261 584 2326 puero
607 2241 675 2305 sine
698 2248 790 2326 patre
815 2241 959 2326 quaesito
984 2246 1018 2304 et
1039 2241 1181 2322 invento,
1206 2240 1283 2326 qnid
1305 2240 1347 2305 de
1371 2248 1485 2326 stagno
1509 2242 1568 2306 snb
1595 2247 1681 2305 terra
1696 2241 1813 2326 posito,
1837 2261 1928 2318 vase,

358 2345 494 2408 tentorio
511 2352 544 2409 et
565 2345 757 2410 draconibus
778 2351 810 2410 et
830 2366 940 2409 eorum
959 2344 1067 2409 duello
1090 2345 1291 2431 praedixerit
1307 2353 1340 2410 et
1357 2347 1494 2431 qualiter
1510 2346 1592 2410 haec
1609 2347 1715 2410 omnia
1731 2345 1927 2431 exposuerit.

271 2448 393 2512 XLIII.
430 2448 576 2523 Qualiter
598 2471 656 2514 rex
680 2449 893 2535 Gortigernus
916 2448 1088 2514 Ambrosio
1114 2469 1223 2514 arcem
1248 2448 1347 2532 dedit,
1373 2470 1469 2534 qnam
1493 2449 1665 2514 aedificare
1689 2471 1752 2512 non
1776 2449 1893 2533 potuit.

271 2551 392 2617 XLIV.
427 2551 477 2616 De
507 2551 671 2618 Gortemir
698 2555 762 2619 filio
792 2553 978 2639 Gortigemi
1001 2554 1102 2639 regis,
1138 2555 1276 2640 qualiter
1302 2553 1449 2618 Saxones
1482 2575 1554 2618 cum
1589 2553 1786 2639 principibus
1819 2573 1928 2616 eorum

355 2656 525 2721 interfecto
550 2659 634 2723 Hors
658 2659 790 2724 viriliter
813 2658 938 2744 pepulit
961 2665 994 2723 et
1016 2679 1076 2744 per
1098 2659 1351 2744 quinquennium
1375 2658 1496 2742 abegit.

270 2759 373 2824 XLV.
408 2759 460 2824 De
488 2761 589 2826 tribus
619 2763 714 2827 bellis
743 2763 986 2847 principalibus,
1021 2783 1105 2848 quae
1141 2761 1306 2827 Gortemir
1334 2768 1445 2826 contra
1475 2760 1623 2826 Saxones
1651 2762 1752 2846 gessit
1786 2768 1819 2825 et
1853 2759 1930 2846 quid

359 2866 499 2930 moriens
522 2865 563 2930 de
587 2888 621 2930 se
646 2866 834 2951 sepeliendo
859 2869 1072 2952 praeceperit.

272 2968 392 3033 XLVI.
427 2969 573 3042 Qualiter
605 2977 679 3055 post
710 2970 833 3034 obitum
861 2970 1048 3034 Gorthamir
1084 2969 1297 3054 Gortigernns
1325 2970 1442 3034 iterum
1473 2971 1620 3034 Saxones
1651 2969 1792 3054 recepit,
1822 2975 1855 3033 et
1888 2967 1928 3033 de

358 3075 507 3138 simulata
530 3074 618 3158 pacis
641 3073 813 3138 concordia
836 3095 895 3159 per
919 3073 1066 3138 Saxones
1091 3095 1169 3157 erga
1192 3073 1351 3138 Britones.

271 3174 409 3239 XLVII.
446 3177 614 3250 Quomodo
646 3179 716 3263 ipse
740 3177 953 3261 Gortigernus
989 3175 1063 3240 dolo
1096 3199 1115 3240 a
1150 3176 1333 3242 Senonibus
1362 3181 1474 3261 captus
1508 3177 1621 3256 luerit,
1655 3183 1688 3239 et
1720 3176 1928 3259 suggestione

356 3279 509 3366 Hengisti
532 3281 761 3366 Gortigemum
785 3279 945 3345 redimere
970 3302 1004 3344 se
1028 3280 1132 3344 solum
1156 3281 1333 3364 coegerint,
1358 3286 1392 3342 et
1409 3300 1488 3365 quas
1506 3287 1608 3343 terras
1623 3299 1681 3363 pro
1698 3277 1928 3363 redempcione

358 3405 416 3448 sna
438 3385 632 3470 acceperint,
657 3391 690 3450 et
714 3406 777 3471 qna
800 3385 1020 3449 fraudulencia
1046 3384 1194 3449 Saxones
1218 3385 1356 3448 cultellis
1374 3383 1522 3448 Britones
1541 3389 1719 3448 trescentos
1734 3383 1820 3446 viros
1844 3384 1927 3467 opti-

357 3509 427 3551 mos
451 3489 636 3554 occiderint.

271 3589 428 3656 XLVIII.
461 3592 513 3656 De
541 3593 682 3658 secundo
717 3592 858 3657 adventu
891 3593 993 3657 sancti
1020 3591 1175 3658 Germani
1206 3593 1239 3657 in
1269 3591 1487 3675 Britanniam,
1517 3599 1550 3657 et
1578 3593 1715 3678 qualiter
1745 3592 1925 3677 fugientem

358 3694 601 3783 Gortigemum,
631 3706 666 3762 ut
696 3699 727 3763 ei
757 3697 855 3762 tidem
886 3697 1107 3783 praedicaret,
1131 3703 1260 3761 sanctus
1289 3695 1470 3761 Germanus
1498 3697 1634 3761 sollicite
1665 3695 1855 3762 subsecutus
1887 3699 1928 3764 sit

358 3805 392 3863 et
413 3807 506 3866 nocte
530 3803 605 3886 igne
630 3801 670 3866 de
694 3804 786 3867 coelo
810 3802 947 3866 cadente
971 3823 1031 3866 rex
1053 3802 1085 3865 in
1109 3821 1182 3865 arce
1207 3822 1278 3865 oum
1302 3801 1367 3865 suis
1392 3807 1524 3864 exustus
1547 3802 1617 3864 fuit.

271 3900 392 3967 XLIX.
426 3904 522 3978 Quod
545 3907 706 3991 quaedam
728 3908 864 3971 assertio
887 3908 937 3988 sit,
962 3905 1049 3992 quod
1072 3927 1127 3970 cor
1150 3906 1218 3970 eius
1242 3926 1284 3970 ex
1308 3905 1419 3970 dolore
1443 3906 1614 3990 crepuerIt.

168 4043 170 4046 -
270 4005 308 4071 L.
341 4006 426 4072 Item
456 4010 591 4074 aliorum
623 4013 730 4097 opinio
760 4012 887 4092 astruit,
919 4010 1006 4096 quod
1037 4016 1123 4075 terra
1155 4031 1228 4074 eum
1259 4008 1484 4094 deglutiverit,
1514 4030 1586 4073 cum
1615 4009 1713 4073 nichil
1741 4008 1781 4074 de
1806 4031 1845 4074 ao
1874 4014 1927 4076 vel

360 4113 424 4176 suis
447 4113 610 4179 residuum
633 4117 769 4181 inveniri
791 4117 823 4180 in
847 4123 933 4180 terra
955 4117 1106 4201 potnerit.

271 4214 326 4280 LI.
362 4215 458 4290 Quod
480 4226 619 4304 quatuor
640 4220 722 4284 filios
745 4219 958 4305 Gortigemus
981 4219 1145 4302 habuerit,
1169 4225 1203 4284 et
1226 4218 1266 4283 de
1291 4224 1402 4282 sancto
1426 4216 1567 4300 Fausto,
1597 4237 1692 4304 quem
1716 4215 1757 4280 de
1780 4217 1846 4282 filia
1869 4239 1927 4282 sua

358 4322 516 4404 genuerit.

270 4421 342 4488 LII.
377 4421 428 4488 De
452 4421 638 4510 Gortigerni
660 4428 815 4512 progenie
845 4434 878 4491 et
906 4428 1097 4512 retrograda
1124 4447 1333 4514 proavorum,
1357 4427 1546 4490 tritavorum
1576 4431 1609 4488 et
1634 4430 1817 4489 attavorum
1840 4426 1926 4490 eius

359 4527 434 4591 dem
457 4529 551 4592 serie.
1862 4587 1864 4591 .

270 4630 360 4694 LIII.
391 4630 442 4695 De
471 4631 576 4696 reditu
604 4634 706 4697 sancti
735 4632 888 4698 Germani
924 4641 956 4699 et
984 4635 1169 4719 captivitate
1204 4636 1305 4698 sancti
1337 4634 1481 4714 Patricii,
1519 4640 1552 4696 et
1581 4630 1743 4718 quomodo
1782 4632 1923 4696 Romam

356 4735 428 4799 ierit
452 4741 485 4798 et
507 4735 599 4821 plura
622 4735 770 4800 didicerit
793 4744 825 4802 et
848 4738 1000 4802 Paladius
1023 4738 1141 4803 Scottis
1165 4736 1408 4824 praedicaturus
1432 4737 1519 4823 apud
1541 4738 1652 4802 Pictos
1676 4736 1802 4800 obierit.

271 4839 357 4903 LIV.
393 4837 489 4911 Quod
512 4840 628 4924 angelo
653 4848 805 4905 monente
829 4841 871 4906 ad
894 4841 1021 4906 Scottos
1045 4841 1281 4907 convertendos
1304 4848 1432 4904 sanctus
1456 4841 1615 4906 Patricius
1639 4842 1755 4905 missus
1778 4841 1828 4904 sit.

269 4942 340 5008 LV.
373 4943 438 5007 Ubi
469 4951 502 5008 et
532 4965 552 5008 a
580 4944 694 5029 quibus
725 4952 853 5009 sanctus
886 4945 1040 5010 Patricius
1071 4947 1241 5031 episcopus
1271 4943 1436 5008 ordinatus
1459 4945 1500 5008 sit
1537 4945 1646 5030 ibique
1681 4965 1800 5010 nomen
1834 4966 1926 5010 suum

358 5048 584 5112 immutaverit.

269 5152 356 5216 LVI.
392 5151 486 5225 Quod
510 5153 595 5238 prius
619 5151 803 5216 Britonibns
825 5152 1061 5238 praedicaverit
1085 5159 1118 5217 et
1141 5152 1258 5216 deinde
1281 5154 1313 5216 in
1337 5152 1528 5216 Hiberniam
1553 5151 1748 5235 migraverit.

270 5255 373 5319 LVII.
410 5255 481 5328 Quo
506 5276 588 5320 auno
610 5255 839 5321 incarnacionis
868 5256 1047 5320 dominicae
1071 5257 1227 5344 inceperit
1250 5257 1294 5322 ibi
1316 5256 1505 5343 praedicare
1535 5257 1586 5320 vel
1615 5257 1704 5320 cuius
1732 5259 1818 5342 regis
1843 5263 1925 5323 tem
1978 5266 1981 5274 '

355 5379 446 5444 pore,
470 5365 503 5423 et
525 5368 604 5446 quot
626 5381 727 5425 annos
750 5360 986 5446 praedicaverit
1008 5362 1062 5426 vel
1084 5367 1202 5449 quanta
1225 5362 1379 5426 miracula
1402 5361 1647 5446 perpetraverit.

270 5462 393 5529 LVIII.
430 5462 522 5537 Quae
551 5465 728 5550 scripserit,
758 5472 836 5550 quot
864 5467 1051 5552 episcopos,
1082 5467 1235 5530 ecclesias
1258 5466 1311 5530 vel
1333 5465 1540 5550 presbyteros
1563 5467 1824 5548 consecraverit,
1848 5473 1927 5552 quot

356 5588 452 5652 reges
476 5573 509 5632 et
530 5568 694 5632 hominum
717 5569 804 5634 milia
827 5569 1058 5655 baptizaverit,
1083 5577 1116 5634 et
1144 5570 1199 5648 ubi
1228 5590 1287 5656 per
1310 5569 1379 5634 dies
1401 5569 1462 5634 XL
1485 5569 1676 5633 ieiunaverit
1704 5575 1738 5631 et
1778 5569 1925 5634 oraverit.

373 5693 506 5732 canonica
524 5697 559 5733 nr.
1687 5675 1719 5732 17
