4554 6316
848 381 882 436 A.
901 377 1281 436 cxxxvrn-cccuxxu.
1831 383 1893 446 367

238 560 409 640 fluxerunt,
426 531 467 619 “et
488 557 556 621 siue
580 554 678 620 dubio
701 555 835 640 singulis
858 554 1022 619 mensibus
1045 554 1110 618 illic
1133 575 1197 618 non
1221 553 1368 638 singulae
1397 551 1456 616 sed
1485 553 1583 617 binae
1607 553 1747 639 paginae
1772 535 1909 618 tribue-¹

237 663 364 728 bantur.
410 682 490 746 quas
513 681 585 724 cum
607 658 730 723 librarii
752 658 923 744 Byzantini
946 658 978 721 in
1002 657 1200 742 singularum
1215 658 1406 743 paginarum
1422 657 1579 722 ambitum
1595 657 1745 743 redigere
1763 659 1895 740 vellent,

238 767 420 832 necessario
445 762 587 850 eligendi
619 767 711 827 erant
740 762 794 847 qui
823 760 897 825 fasti
923 761 1020 825 utiles
1047 759 1240 825 videbantur
1268 767 1301 826 et
1330 760 1525 827 excludendi
1555 762 1611 848 qui
1637 763 1774 826 inutiles.
1821 781 1895 824 eum

239 872 404 935 hominem
427 870 478 933 cui
502 867 609 933 codex
631 864 858 951 Lugdunensis
881 870 937 929 aut
960 864 1030 928 eius
1054 865 1223 950 exemplar
1243 863 1392 948 debetur,
1408 866 1521 932 rideas
1538 867 1706 930 etiamtum
1721 866 1896 950 integriore

240 974 464 1058 hemerologio
487 992 580 1035 usum
605 990 689 1034 esse.
733 989 809 1032 nam
832 989 905 1032 cum
927 969 959 1032 in
982 987 1093 1031 mense
1117 968 1262 1033 ianuario
1286 968 1441 1033 tredecim
1463 975 1588 1034 tantum
1605 969 1781 1034 ciuitatium
1796 968 1897 1032 fastos

240 1082 479 1164 comparasset,
510 1074 628 1140 deinde
660 1073 800 1158 spatium
823 1091 994 1158 superesse
1017 1071 1156 1136 laetatus
1178 1070 1261 1136 XIV
1284 1072 1424 1137 Asianos
1455 1072 1601 1137 adiunxit
1624 1079 1721 1137 antea
1743 1094 1801 1136 suo
1824 1073 1896 1136 loco

241 1182 435 1263 (debuerant
465 1181 550 1244 enim
574 1179 607 1243 X
628 1176 746 1263 Lycios
777 1174 944 1262 excipere)
975 1196 1040 1240 una
1072 1196 1144 1240 cum
1173 1176 1274 1240 tribus
1303 1177 1381 1259 illis,
1413 1198 1493 1263 quos
1530 1177 1636 1241 codex
1662 1177 1898 1242 Laurentianus

240 1285 395 1367 servavit,
425 1284 569 1348 omissos.
621 1280 748 1346 accedit
774 1280 927 1344 indicium
958 1281 1097 1364 gravius.
1143 1281 1176 1344 in
1198 1301 1310 1344 mense
1335 1288 1472 1366 augusto
1496 1282 1517 1346 f.
1539 1284 1610 1345 149¹
1634 1282 1740 1346 codex
1761 1280 1896 1366 Lugdu-

240 1422 348 1484 nensis
370 1421 475 1484 missis
492 1425 616 1483 temere
635 1418 765 1482 Asianis
789 1417 901 1482 ultimo
925 1416 1055 1481 tabulae
1078 1418 1149 1482 loco
1172 1419 1317 1483 inscribit
1339 1409 1576 1483 ΝΕΟΥΚΛΗΕς
1599 1373 1632 1483 M
1657 1392 1699 1484 Id.
1745 1418 1898 1504 quidhoc

242 1524 303 1588 sibi
325 1525 394 1588 vult
416 1522 619 1609 prodigium?
652 1543 694 1586 an
716 1521 1029 1585 Neocaesarensium
1052 1521 1176 1585 fastos?
1204 1523 1326 1608 inspice
1348 1523 1413 1585 iarn
1435 1521 1681 1606 hemerologion
1706 1522 1897 1586 Laurentia-

241 1647 316 1690 num
347 1627 368 1690 l.
386 1629 457 1691 48':
491 1627 617 1691 videbis
648 1627 770 1691 librarii
798 1626 908 1689 oculos
937 1626 979 1689 ab
1009 1624 1140 1690 Asianis
1168 1625 1210 1690 ad
1236 1628 1420 1712 proximum
1449 1626 1588 1689 loculum
1613 1625 1815 1692 Cretensium
1839 1625 1896 1688 ab·

241 1751 382 1813 errasse,
410 1732 464 1816 qui
487 1737 562 1795 tunc
585 1751 731 1794 mensem
755 1724 916 1794 Νεκύσιον
945 1729 1081 1813 agitant.
1134 1751 1172 1794 ac
1194 1750 1229 1794 re
1253 1751 1331 1794 vera
1355 1730 1385 1794 ei
1408 1730 1510 1792 mensi
1534 1730 1588 1814 qui
1611 1729 1697 1816 apud
1720 1731 1792 1795 illos
1813 1730 1898 1793 intra

242 1869 462 1932 Romanorum
486 1889 632 1933 inensem
656 1873 829 1952 augustum
845 1867 967 1952 incipit,
989 1868 1020 1930 in
1041 1865 1152 1930 codice
1167 1865 1321 1930 Leidensi
1342 1887 1460 1931 nomen
1477 1866 1570 1932 datur
1586 1869 1785 1932 aactneoc
1809 1821 1842 1932 ld
1866 1853 1900 1931 M

241 1973 273 2036 h.
290 1993 318 2036 a.
344 1971 546 2037 Cretensium
569 1972 689 2036 mensis
712 1969 932 2034 duodecimus.
978 1969 1077 2054 igitur
1102 1969 1149 2033 illi
1176 1970 1305 2034 librario
1335 1977 1466 2055 praesto
1491 1970 1551 2034 fuit
1573 1972 1819 2056 hemerologion
1843 1978 1899 2035 aut

242 2075 340 2139 XVII
363 2082 420 2139 aut
442 2077 582 2162 plurium
604 2076 771 2138 fastorum.
818 2073 885 2138 Sed
908 2079 944 2137 ut
972 2072 1014 2136 ad
1045 2073 1176 2157 originis
1200 2074 1422 2159 quaestionem
1445 2073 1629 2152 redeamus,
1655 2075 1898 2160 hemerologion

242 2180 284 2243 ab
308 2177 496 2266 Hipparcho
520 2178 615 2243 condi
638 2200 702 2242 non
725 2178 869 2264 potuisse
885 2177 986 2242 verbo
1008 2198 1074 2241 non
1097 2198 1178 2264 opus
1203 2182 1260 2241 est.
1308 2176 1342 2241 C.
1359 2177 1460 2242 Iulius
1484 2178 1606 2243 Caesar
1628 2181 1749 2266 primus
1772 2181 1898 2265 signum

243 2282 332 2348 dedit
360 2285 434 2348 anni
457 2282 634 2347 secundum
665 2284 767 2346 solem
797 2280 979 2346 ordinandi:
1015 2278 1102 2366 quod
1129 2280 1316 2366 exemplum
1343 2282 1466 2346 multae
1498 2283 1644 2348 civitates
1672 2284 1731 2348 sub
1764 2284 1900 2368 Augusti

242 2387 378 2473 imperio
407 2395 538 2452 secutae
569 2395 657 2470 sunt,
687 2409 821 2474 quarum
851 2385 924 2449 fasti
953 2385 984 2448 in
1015 2384 1260 2469 hemerologion
1292 2387 1416 2472 recepti
1446 2394 1527 2452 sunt.
1574 2388 1644 2452 Iam
1667 2409 1744 2453 vero
1767 2390 1799 2452 in
1821 2388 1901 2451 Asia

242 2491 407 2576 provincia
427 2497 502 2577 post
517 2491 681 2554 saeculum
697 2489 873 2554 secundum
889 2489 1048 2553 mensium
1063 2488 1321 2552 uetera-nomina
1336 2488 1458 2554 abolita
1473 2510 1545 2554 esse
1563 2493 1642 2555 etin
1659 2513 1771 2556 eorum
1795 2492 1901 2555 locum

242 2595 380 2680 primum
396 2594 611 2659 Macedonum
635 2595 777 2675 nomina,
801 2592 876 2681 dein
899 2592 1077 2657 numeralia
1099 2593 1291 2657 successisse
1315 2600 1349 2657 et
1364 2600 1478 2680 quarto
1496 2595 1626 2680 quidem
1642 2597 1772 2660 saeculo
1788 2615 1901 2659 nume·

243 2699 323 2762 ralia
344 2719 451 2785 paene
474 2699 544 2762 sola
565 2699 599 2761 in
621 2718 682 2762 usu
711 2698 810 2762 fuisse
839 2698 974 2773 scimus;
1001 2697 1091 2782 atqui
1119 2697 1363 2782 hemerologion
1386 2700 1564 2763 vetustiora
1591 2700 1721 2764 nornine
1743 2700 1901 2765 mensium

242 2801 355 2874 tradit;
378 2803 477 2887 igitur
507 2807 581 2888 post
609 2803 834 2866 Ptolemaeum
863 2801 1045 2865 concinnari
1072 2821 1137 2865 non
1166 2801 1280 2888 potuit.
1326 2801 1442 2886 quodsi
1463 2801 1672 2866 Ptolemaeus
1696 2809 1808 2866 auctor
1831 2803 1899 2884 fuit,

243 2907 338 2970 simul
360 2907 423 2970 hoc
446 2927 575 2992 quoque
596 2907 807 2991 intellegitur,
830 2927 887 2970 cur
908 2907 1051 2992 ipsorum
1075 2905 1305 2987 Macedonum,
1329 2927 1384 2969 cur
1406 2905 1654 2970 Atheniensium
1677 2908 1752 2972 lasti
1774 2908 1815 2972 ab
1839 2907 1900 2970 hac

247 3010 404 3073 laetorum
427 3011 667 3096 comparatione
684 3011 808 3074 exclusi
831 3011 908 3074 sint:
933 3009 1050 3074 Galeni
1067 3011 1153 3073 enim
1168 3009 1353 3073 testimonio
1364 3011 1389 3093 ¹)
1414 3015 1540 3074 constat
1554 3011 1726 3096 plerasque
1743 3011 1901 3075 Graeciae

246 3115 393 3179 civitates
428 3135 469 3178 ne
502 3115 606 3179 altera
638 3113 769 3201 quidem
803 3120 896 3200 parte
931 3114 1052 3178 saeculi
1075 3113 1109 3177 11
1131 3133 1162 3197 p.
1183 3111 1258 3177 (ihr.
1289 3112 1424 3177 desiisse
1456 3134 1574 3177 annum
1605 3113 1780 3179 secundum
1803 3116 1900 3180 lunae

244 3238 355 3282 cursus
377 3217 448 3281 XII
474 3219 593 3293 metiri;
622 3219 657 3282 in
683 3217 878 3282 Macedonia
905 3222 1015 3282 autern
1045 3217 1210 3303 provincia
1237 3216 1294 3280 ubi
1321 3215 1437 3280 (dalani
1466 3223 1575 3281 aetate
1604 3238 1705 3282 annus
1733 3218 1777 3282 ad
1799 3219 1901 3283 solem

246 3321 349 3407 derigi
372 3327 506 3407 coeptus
531 3329 589 3404 est,
614 3322 673 3386 sub
697 3323 773 3408 imp.
797 3319 962 3386 Antonino
985 3320 1045 3385 Pio
1069 3341 1098 3385 a.
1120 3323 1179 3384 142
1202 3340 1233 3406 p.
1251 3318 1325 3384 Chr.
1342 3325 1488 3385 veterem
1511 3340 1634 3385 morem
1654 3321 1798 3386 nondum
1821 3321 1900 3385 abo-

245 3426 337 3491 litum
371 3426 469 3491 fuisse
500 3424 668 3492 didicimus
697 3447 740 3490 ex
768 3425 859 3490 titulo
891 3421 1219 3510 Thessalonicensil).
1272 3429 1386 3509 postea
1418 3423 1663 3509 hemerologion
1691 3431 1901 3491 retractatum

246 3550 318 3594 esse
349 3551 391 3594 ex
420 3529 609 3594 kalendario
642 3529 858 3615 Ephesiorum
887 3527 966 3592 mihi
995 3549 1102 3610 sumo,
1134 3526 1221 3613 quod
1251 3528 1284 3592 in
1312 3527 1423 3592 codice
1445 3528 1663 3593 Laurentiano
1687 3527 1902 3593 Macedonum

245 3654 374 3698 menses
395 3655 475 3720 prae
499 3656 534 3699 se
558 3627 630 3718 fert,
655 3654 727 3699 cum
743 3633 904 3719 Ephesios
928 3633 1026 3697 etiam
1044 3634 1146 3699 altero
1169 3653 1202 3718 p.
1221 3631 1295 3697 Ohr.
1319 3633 1449 3698 saeculo
1465 3633 1577 3720 patriis
1592 3634 1749 3698 mensium
1765 3633 1902 3698 nomini·

245 3737 306 3802 bus
336 3759 411 3802 usos
439 3759 511 3803 esse
541 3739 705 3802 titulorum
733 3737 814 3802 fides
841 3743 986 3801 testetur.
1036 3738 1143 3823 potuit
1173 3736 1236 3801 hoc
1263 3756 1284 3800 e
1310 3736 1446 3800 Theona
1469 3737 1594 3820 novari,
1624 3742 1733 3822 potest
1755 3743 1902 3824 tempore

245 3842 449 3928 interipsum
466 3848 499 3907 et
514 3842 743 3907 Ptolemaeum
758 3839 981 3906 intercedente
997 3847 1152 3905 novatum
1169 3861 1250 3906 asse.
1289 3829 1435 3905 'ceterum
1450 3840 1733 3926 hemerologionl)
1750 3841 1813 3906 alio
1829 3842 1902 3906 loco

247 3944 410 4010 edendum
443 3967 482 4010 ac
515 3945 716 4010 tractandum
746 3945 816 4009 erit.
872 3945 935 4008 hoc
962 3965 1060 4008 unum
1088 3942 1191 4028 addo,
1216 3942 1436 4030 Lugdunense
1466 3945 1653 4030 exemplum
1683 3945 1759 4010 folio
1784 3946 1901 4010 amisso

248 4069 359 4114 carere
388 4049 552 4114 mensibus
581 4049 668 4114 iunio
698 4055 732 4113 et
761 4049 853 4130 iulio,
878 4049 932 4134 qui
961 4069 1045 4114 nunc
1069 4048 1090 4113 f.
1113 4052 1171 4113 147
1195 4068 1293 4112 manu
1314 4047 1496 4112 recentiore
1520 4068 1562 4112 ex
1584 4049 1656 4134 ipso
1680 4049 1791 4115 codice
1814 4049 1902 4114 Lau-

249 4153 395 4217 rentiano
419 4154 560 4240 suppleti
582 4159 665 4218 sunt.
1204 4223 1205 4226 ,

351 4257 497 4323 Pastas
530 4259 764 4323 consulares
797 4277 853 4322 cur
885 4257 1002 4322 tabulis
1029 4258 1203 4339 insereret,
1226 4256 1417 4322 Ptolemaeo
1441 4277 1539 4322 causa
1561 4256 1703 4324 nondum
1727 4264 1807 4323 erat.
1845 4257 1903 4323 ed-

247 4361 390 4425 iunxisse
415 4381 472 4426 eos
495 4362 616 4447 primus
639 4361 752 4425 Theo
775 4360 912 4425 videtur.
956 4361 1041 4425 huno
1065 4362 1151 4426 enim
1173 4380 1280 4447 neque
1312 4360 1410 4428 alium
1434 4381 1629 4447 quemquam
1653 4381 1725 4427 eam
1748 4362 1905 4427 fastorum

248 4464 392 4528 tabulam
422 4464 621 4546 condidisse,
653 4484 737 4551 quae
768 4465 800 4529 in
830 4464 941 4528 codice
973 4464 1192 4529 Laurentiano
1216 4463 1257 4546 (P
1274 4464 1295 4528 f.
1314 4467 1456 4549 40-43)
1487 4466 1692 4552 proponitur,
1720 4487 1817 4532 nemo
1845 4466 1905 4531 fuit

249 4568 302 4654 qui
325 4589 389 4633 non
409 4569 618 4654 perspiceret.
656 4567 735 4633 vidit
759 4573 792 4632 et
814 4568 954 4652 probare
976 4566 1097 4632 studuit
1112 4567 1213 4632 Hem.
1228 4565 1418 4633 Dodwallus
1440 4586 1469 4631 a.
1490 4571 1571 4634 1682
1594 4569 1626 4632 in
1649 4569 1837 4656 appendicis
1860 4568 1902 4633 ad

355 4811 374 4874 ¹)
392 4811 509 4863 Galeam
532 4812 559 4862 in
577 4811 699 4878 Hippocr.
718 4811 809 4878 epidi
827 4827 918 4863 comm.
937 4812 976 4862 ed.
995 4812 1083 4863 liiihn.
1102 4818 1120 4863 t.
1133 4813 1216 4876 XVII,
1232 4812 1240 4861 1
1262 4829 1287 4878 p.
1300 4809 1329 4862 21
1343 4829 1381 4878 sq.
1405 4809 1462 4881 χρῆ
1484 4808 1514 4862 δὲ
1539 4809 1664 4878 δηλονότι
1686 4810 1750 4869 τοῖς
1765 4809 1856 4878 μῆνας
1874 4803 1906 4860 οὗ

246 4894 315 4966 πρός
337 4894 454 4962 σελήνην
477 4889 671 4966 ἀριθμεῖσθαι,
694 4893 822 4966 καθάπερ
840 4894 870 4948 ἐν
894 4895 952 4954 ταῖς
974 4895 1114 4954 πλείσταις
1130 4897 1181 4948 νῦν
1198 4896 1255 4949 τῶν
1270 4894 1429 4963 Ἑλληνίδων
1446 4895 1561 4960 πόλεων,
1584 4895 1653 4948 atta
1677 4895 1745 4969 πρός
1766 4893 1844 4965 ἥλιον
1860 4891 1905 4947 καῖ

249 4986 309 5047 (scr.
328 4979 373 5048 cic)
397 4979 427 5032 ἐν
446 4978 565 5038 ἁπάσαις
587 4998 617 5033 τε
639 4983 694 5033 ταῖν
717 4975 842 5054 α’ρχαίων
865 4978 1007 5050 (Ἀσιανῶν
1023 5001 1088 5037 corr.
1100 4985 1231 5049 Veserius)
1254 4980 1300 5034 καῖ
1319 4981 1349 5035 ἐν
1366 4981 1475 5041 πολλοῖς
1491 4983 1548 5036 τῶν
1565 4980 1656 5035 ἐθνῶν
1674 4977 1833 5055 ἀριθμεῖται
1850 4982 1906 5035 nt.

250 5068 272 5134 ²)
291 5071 395 5122 Titulus
408 5069 646 5121 Thessalonicensis
664 5071 749 5122 editus
767 5072 800 5122 ab
813 5073 929 5138 Heuaey,
948 5071 1053 5122 ιαῖιείοα
1070 5072 1102 5123 de
1112 5071 1265 5122 Macedoiae
1282 5087 1308 5138 p.
1320 5069 1373 5122 274
1389 5078 1415 5123 et
1433 5071 1580 5137 Duchesns,
1594 5071 1717 5124 Aroma
1728 5073 1773 5124 das
1789 5071 1910 5122 πιῖιεὶιιαε

248 5155 355 5220 saiwats.
375 5164 399 5208 et
423 5155 824 5224 ttatr.1nser.t.111p.‘206,
844 5159 870 5209 in
895 5175 947 5225 quc
970 5157 1066 5224 legitur
1085 5151 1196 5226 ἄρξεται
1213 5152 1244 5206 δὲ
1268 5153 1303 5208 roi
1326 5153 1459 5224 xcrrffyta
1482 5153 1544 5227 καὶ]
1564 5155 1738 5226 pampuliae
1760 5141 1908 5226 1571de

247 5237 392 5291 καλανδῶν
410 5234 550 5310 ἀπριλίων.
579 5235 718 5308 ’ἙλληΙνες
734 5240 884 5311 ΞΙανδικοῦ
901 5241 1015 5313 δευτέρα
1034 5229 1107 5295 &iffi
1127 5237 1210 5300 ἔπους.
1247 5245 1393 5312 provinciae
1411 5245 1474 5298 anni
1491 5247 1526 5296 ab
1545 5252 1686 5297 auctumuo
1703 5263 1726 5296 a.
1741 5241 1790 5296 148
1809 5260 1832 5296 a.
1846 5244 1905 5294 Chr.

248 5329 398 5390 decurrunt,
423 5329 504 5395 igitur
524 5329 586 5380 anni
609 5329 703 5380 CXLII
720 5347 745 5396 p.
759 5332 817 5382 Chr.
831 5332 884 5382 dies
903 5333 964 5382 XVI
982 5348 1015 5382 m.
1034 5333 1118 5383 martii
1135 5332 1323 5384 Macedonibus
1347 5333 1397 5382 run
1413 5331 1438 5380 d.
1452 5333 1475 5380 11
1493 5332 1615 5382 Xanthioi
1638 5339 1664 5383 et
1687 5336 1805 5398 coeperat
1822 5347 1907 5381 annus

249 5431 320 5482 pror.
335 5413 386 5466 289
403 5415 427 5466 d.
440 5416 528 5465 XVIII
547 5433 581 5468 m.
599 5423 648 5468 oct.
666 5431 691 5466 a.
705 5417 783 5467 CXLI
800 5417 877 5469 lunae
895 5419 1086 5483 convenienter,
1108 5436 1176 5484 quae
1195 5434 1302 5487 vespere
1319 5418 1389 5469 illius
1407 5418 1458 5469 diei
1476 5419 1586 5484 primum
1603 5419 1715 5487 conspici
1734 5419 1818 5486 potuit
1836 5418 1908 5482 (vera

249 5501 380 5552 neomenia
396 5501 595 5554 Thessalonicae
613 5509 733 5554 evenerat
749 5504 773 5555 d.
786 5504 860 5554 XVII
879 5521 911 5556 rn.
924 5513 972 5556 oct.
992 5520 1017 5557 a.
1032 5502 1079 5556 141
1100 5503 1152 5554 hb
1170 5505 1314 5572 postmerid
1328 5501 1371 5554 28⁴
1391 5501 1460 5568 53⁶).
1525 5503 1546 5570 ⁸)
1564 5507 1626 5558 Post
1638 5513 1758 5574 excerpts
1768 5524 1783 5557 a
1795 5505 1908 5556 Iohanne

248 5587 337 5638 Lamio
360 5586 465 5638 Nouello
489 5586 619 5640 banasa
644 5586 711 5639 1748
728 5590 797 5640 tIX
817 5607 841 5657 p.
855 5586 922 5642 3-5
946 5597 972 5642 at
996 5591 1029 5643 ab
1055 5591 1182 5642 Everardc
1205 5590 1346 5642 Audrichio
1369 5591 1396 5642 in
1424 5591 1634 5644 Institutionibus
1658 5591 1810 5659 antiquariis
1829 5592 1910 5656 (Flor.

249 5671 327 5738 1756)
346 5691 369 5740 p.
384 5671 416 5724 16
423 5690 478 5740 sqq.
497 5673 599 5741 prolata
617 5691 685 5727 unus
697 5676 872 5728 Saintadroix
889 5677 954 5728 illud
971 5677 1050 5729 edidit
1062 5675 1200 5729 Mimoires
1216 5677 1248 5728 dc
1266 5675 1363 5730 t’ocod.
1376 5676 1421 5729 des
1433 5677 1527 5730 ioscrr.
1546 5679 1677 5732 tXLVlI
1689 5677 1778 5744 (1809)
1795 5697 1821 5746 p.
1832 5679 1866 5729 66
1875 5695 1908 5729 ss.
