4554 6316
392 451 454 513 360
920 445 941 499 I.
959 443 1064 499 PASTI
1083 443 1242 498 THEONIS
1261 442 1524 498 sunxannmru.

391 640 505 684 norum
534 620 679 685 ordinem
711 619 771 683 soli
792 617 1031 704 Aegyptiorum
1059 637 1155 702 reges
1177 615 1361 681 Ptolemaei
1388 617 1652 703 interponuutru,
1676 623 1813 704 apparet
1835 618 1867 683 in
1889 617 2051 705 Aegypto

297 809 298 812 Ἴ
392 726 531 810 agitasse
556 725 610 810 qui
633 723 810 811 primibus
832 722 961 787 tabulas
983 724 1017 787 in
1039 743 1133 786 usum
1156 728 1415 786 astronomorum
1438 721 1660 787 condiderunt.

498 827 579 892 Sunt
602 846 738 912 quorum
761 827 794 890 in
815 825 865 890 bis
889 824 1007 890 tabulis
1031 831 1181 911 tempora
1203 831 1356 889 notentur
1379 823 1520 889 siderum
1546 825 1787 889 observatores:

544 930 588 994 ad
609 932 830 996 Artaxerxem
851 929 869 993 I
892 928 1084 993 adscribitur
1108 925 1136 992 L
1154 933 1207 992 54¹
1229 921 1272 992 τὰ
1295 921 1380 992 κατὰ
1403 925 1549 992 Μέτωνα
1571 925 1628 992 καί
1652 919 1873 1015 Εόκ[τήμονα]

1375 1025 1383 1046 ἱ

544 1033 586 1098 ad
609 1035 834 1098 Ptolemaeum
857 1032 874 1096 I
896 1030 980 1116 Lagi
1002 1030 1030 1094 L
1048 1036 1105 1095 ολ*
1127 1053 1185 1095 επι
1208 1053 1326 1095 τουτον
1348 1053 1406 1095 τον
1428 1029 1638 1112 Πτολεμαῖον
1660 1019 1700 1118 sla
1725 1036 1757 1094 T
1753 1024 1905 1114 ιμόχαρις

545 1136 587 1200 ad
609 1136 836 1202 Ptolemaeum
851 1135 917 1199 VH
937 1134 1127 1221 Euergeten
1149 1133 1225 1198 IIL
1242 1137 1299 1198 64*
1325 1130 1408 1219 [ἐπὶ]
1433 1127 1551 1198 τούτου
1574 1122 1613 1220 ἦν
1628 1129 1814 1218 Ἵππαρχος
1825 1133 1850 1219 ²)

544 1240 586 1304 ad
608 1241 807 1305 Antoninum
829 1239 924 1304 Pium
947 1236 1048 1302 1264*
1071 1235 1129 1303 έπί
1152 1232 1271 1303 κοίτου
1293 1232 1351 1302 τὸν
1372 1232 1493 1303 κανόνα
1516 1232 1658 1322 ἔγραψεν
1681 1237 1891 1319 Πτολεμαῖος

544 1345 585 1410 ad
607 1344 845 1410 Diocletianum
866 1343 894 1407 L
912 1348 968 1406 55*
991 1339 1049 1407 έπί
1072 1336 1189 1407 τοότου
1213 1334 1231 1407 ὁ
1255 1335 1407 1419 Πάππος
1429 1336 1580 1426 ἔγραψεν.

388 1449 479 1514 vides
503 1469 559 1514 eos
583 1450 700 1514 saltem
724 1448 779 1534 qui
800 1447 859 1511 has
875 1445 1105 1510 adnotationes
1120 1444 1352 1530 adposuerunt,
1369 1445 1528 1529 originem
1544 1444 1727 1511 tabularum
1744 1466 1763 1510 a
1779 1445 1914 1512 Claudio
1931 1446 2046 1512 Ptole-

387 1575 482 1619 maeo
506 1554 706 1640 repetivisse.
752 1572 789 1615 ac
812 1569 889 1614 sane
913 1549 1040 1636 sylloge
1064 1544 1246 1632 προχείρων
1268 1542 1413 1614 κανόνων
1436 1547 1662 1613 aPtolemaec
1689 1548 1777 1613 edita
1793 1548 1932 1614 dubitari
1954 1550 2046 1615 nullo

387 1656 484 1721 modo
512 1663 622 1743 potest
651 1657 728 1743 quin
751 1655 897 1741 quamvis
922 1653 1034 1738 (idque
1057 1673 1121 1716 non
1144 1653 1260 1737 semel)
1283 1657 1459 1717 reuocata
1488 1653 1539 1717 his
1569 1651 1694 1717 duobus
1724 1653 1884 1739 exemplis
1906 1655 2045 1718 vebistis

388 1761 503 1845 quibus
533 1760 664 1824 nitimur
699 1764 854 1823 serretur.
907 1776 1014 1842 neque
1045 1757 1131 1820 enim
1163 1755 1266 1820 solum
1295 1754 1388 1820 Theo
1416 1753 1656 1820 Alexandrinus
1684 1751 1865 1843 ὑπόμνημα
1892 1751 1941 1835 είς
1966 1752 2046 1834 τοὺς

388 1859 596 1946 Πτολεμαίου
618 1858 814 1948 προχείρους
836 1855 974 1938 κανόνας
1003 1861 1144 1946 quinque
1173 1859 1263 1924 libris
1293 1859 1420 1945 scripsit
1429 1859 1468 1945 ²),
1496 1860 1550 1945 qui
1579 1859 1742 1946 hodieque
1770 1861 1803 1925 in
1826 1860 2044 1925 bibliotheca-

386 1987 456 2030 rum
478 1967 593 2032 umbra
614 1968 734 2049 latent,
758 1973 792 2030 et
819 1966 852 2029 in
874 1964 1023 2029 breviore
1048 1965 1280 2030 commentario
1303 1963 1529 2029 Ptolemaeum
1559 1970 1727 2029 auctorem
1750 1957 1956 2050 significatl),
1979 1961 2040 2027 sed

387 2076 499 2134 extant
521 2070 683 2156 hodieque
707 2077 741 2134 et
765 2068 853 2134 edita
874 2074 948 2132 sunt
969 2069 1203 2153 prolegomena
1226 2067 1342 2153 quibus
1357 2067 1566 2132 Ptolemaeus
1588 2069 1658 2154 ipse
1685 2067 1765 2154 Syro
1790 2088 1848 2132 suo
1873 2069 2042 2134 consilium

386 2179 420 2237 et
441 2192 535 2238 usum
558 2173 742 2238 tabularum
766 2171 1007 2259 explanavit⁴);
1030 2170 1116 2236 unde
1140 2177 1267 2235 constat
1288 2171 1353 2235 iam
1376 2171 1603 2235 Ptolemaeum
1632 2171 1665 2235 in
1696 2171 1815 2237 tabulis
1838 2172 2043 2237 manualibus

385 2276 426 2340 ab
456 2297 593 2342 excessu
621 2275 804 2341 Alexandri
830 2275 957 2360 magni,
987 2293 1052 2339 non
1084 2274 1125 2338 ab
1156 2293 1241 2338 anno
1264 2275 1368 2360 primo
1391 2273 1614 2356 Nabonasari,
1637 2277 1728 2340 utin
1752 2277 1881 2362 syntaxi
1904 2276 2040 2358 fecerat,

385 2378 526 2444 siderum
556 2387 704 2467 tempora
729 2380 921 2466 repetivisse
932 2380 969 2463 ⁵).
1031 2383 1140 2442 tamen
1168 2385 1243 2442 ante
1272 2377 1501 2443 Ptolemaeum
1527 2379 1593 2443 iam
1628 2379 1810 2444 tabularum
1842 2379 2040 2444 manualium

383 2503 476 2546 usum
499 2483 597 2548 luisse
621 2483 739 2569 colligo
764 2503 806 2548 ex
822 2481 965 2547 Theonis
989 2481 1221 2546 commentario
1239 2481 1408 2567 ampliore,
1431 2481 1487 2546 ubi
1510 2481 1527 2545 I
1547 2485 1584 2547 10
1608 2481 1654 2568 (V
1670 2483 1692 2548 f.
1708 2486 1785 2548 301¹
1806 2482 1841 2547 Μ
1856 2481 1926 2568 49¹)
1941 2482 2040 2547 Sera·

383 2586 488 2671 pionis
515 2581 709 2671 προχείρους
737 2581 876 2664 κανόνας
902 2585 952 2649 his
981 2583 1089 2649 verbis
1118 2590 1293 2648 memorat:
1331 2579 1384 2650 διὸ
1411 2582 1469 2650 καί
1499 2577 1517 2651 ό
1546 2582 1720 2670 Σεραπίων
1745 2585 1830 2673 [fort.
1853 2585 2041 2650 addendum

384 2683 453 2774 διὰ)
477 2689 538 2755 τοῦ
560 2685 608 2768 είς
628 2685 686 2754 τὸν
709 2685 882 2775 πρόχειρον
904 2683 1022 2754 ἑαυτοῦ
1045 2683 1178 2769 σχολίου
1201 2679 1352 2774 ἀφαιρῶν
1374 2679 1445 2754 άπὸ
1472 2689 1536 2753 τῶν
1557 2687 1808 2773 παρακειμένων
1829 2687 1863 2754 ἐν
1885 2690 1924 2777 τῇ
1948 2681 2037 2775 ὀρθῇ

384 2787 545 2880 σφαίρᾳΰ)
568 2787 751 2878 έξηκοστῶν
772 2787 814 2858 τὰ
836 2787 1065 2877 παρακείμενα
1087 2788 1121 2856 έν
1146 2791 1187 2878 τῇ
1210 2778 1244 2860 ἶ
1262 2787 1365 2880 μοίρᾳ
1380 2791 1439 2857 τοῦ
1459 2789 1623 2877 σκορπίου
1646 2799 1668 2857 ri
1689 2780 1718 2869 δ,
1743 2787 1822 2858 όταν
1845 2789 1951 2858 πλείω
1972 2792 2039 2857 τῶν

381 2890 547 2962 τοσούτων
568 2891 776 2980 τυγχάνωσιν,
799 2897 864 2962 τῶν
885 2897 1013 2962 λοιπῶν
1034 2890 1195 2980 λαμβάνει
1221 2891 1260 2962 τὸ
1282 2895 1445 2983 τέταρτον,
1468 2898 1528 2963 τοῦ
1549 2894 1760 2980 Πτολεμαίου
1783 2895 1816 2962 έν
1840 2894 1888 2986 [δὲ
1910 2894 1944 2962 έν
1958 2893 2038 2984 VM]

382 3000 430 3088 τῷ
452 2995 537 3085 πρὸς
559 2995 661 3086 Σόρον
686 2999 728 3089 [p.
746 3008 764 3066 5
788 3001 839 3066 ed.
857 2997 912 3088 Η.)
937 2995 975 3066 τὸ
999 3001 1159 3066 τοσοῦτον
1180 2995 1225 3078 ὡς
1247 2992 1431 3088 ἀδιάφορον
1452 3003 1649 3086 παρεῶντος.
1689 3004 1797 3089 agitur
1811 3003 1877 3067 illic
1894 3000 1934 3065 de
1950 3001 2040 3065 horis

383 3103 528 3169 civilibus
556 3106 589 3168 in
618 3105 872 3191 aequinoctiales
895 3111 929 3170 et
951 3111 1063 3169 contra
1085 3102 1263 3186 mutandis,
1296 3106 1346 3169 cui
1370 3112 1510 3191 conputo
1534 3106 1652 3172 tabulis
1682 3128 1747 3172 non
1770 3108 1873 3171 solum
1896 3104 2038 3169 siderum

381 3206 439 3272 sed
467 3197 565 3272 etiarn
594 3208 722 3274 urbium
752 3230 832 3296 opus
864 3209 964 3293 est⁷jz
994 3227 1073 3294 ergo
1104 3208 1203 3272 etiam
1230 3209 1264 3272 in
1289 3207 1474 3294 Serapionis
1497 3209 1622 3296 sylloge
1647 3211 1885 3298 geographicas
1908 3207 2037 3273 tabulas

487 3399 846 3469 1)ΟουίίτιααῑΡλοΙοευαοιτε
865 3409 932 3468 synt.
945 3398 1023 3452 VII2
1041 3418 1065 3467 p.
1080 3396 1113 3450 12
1122 3415 1159 3464 sq.
1179 3399 1265 3451 Halm.
1284 3396 1315 3448 τό
1336 3398 1353 3448 ν
1378 3395 1437 3457 ἔτος
1458 3399 1505 3466 τῆς
1531 3397 1623 3468 τρίτης
1641 3398 1713 3452 κατα
1733 3398 1889 3452 Κάλλιππον
1905 3395 2037 3470 περιόδου

381 3485 476 3554 (coepit
493 3488 517 3538 d.
528 3489 617 3538 XXVI
634 3507 668 3541 m.
686 3489 740 3540 iun.
758 3506 781 3540 a.
796 3486 845 3539 128
863 3505 887 3540 a.
906 3487 986 3550 cus),
1012 3483 1047 3542 τίς
1069 3483 1084 3534 ό
1099 3479 1250 3552 Ἵππαρχος
1274 3477 1432 3554 άναγράφει
1453 3481 1580 3554 τηρήσας,
1604 3488 1751 3552 ibidemque
1775 3485 1829 3538 ταῖν
1848 3479 1904 3536 rino*
1921 3485 1969 3552 τῆς
1985 3483 2038 3537 τοῦ

377 3571 525 3643 Ἱππάρχου
544 3570 681 3642 τηρήσεως
698 3571 767 3625 ἐτῶν
784 3572 868 3640 μέχρι
885 3571 933 3638 τῆς
951 3565 1039 3639 άρχῆς
1055 3563 1222 3632 Ἀντωνίνου,
1241 3570 1307 3620 καθ’
1323 3567 1358 3637 ἢν
1374 3568 1495 3638 μάλιστα
1512 3567 1559 3621 καί
1577 3569 1656 3639 ἡμεῖς
1674 3572 1721 3630 τάς
1739 3570 1865 3629 πλείστας
1877 3570 1933 3623 τῶν
1947 3565 2036 3622 άπλα-

381 3663 437 3712 νῶν
455 3659 592 3731 παρόδους
609 3657 806 3730 τετηρήκαμεν,
824 3662 840 3710 i
858 3673 912 3707 που
929 3653 974 3707 καί
993 3644 1014 3714 ί
1031 3653 1076 3706 καί
1095 3658 1112 3706 ὃ
1134 3654 1339 3724 συναγομένων.
1446 3657 1467 3722 ²)
1485 3659 1572 3711 Huius
1593 3661 1777 3726 commentarii,
1795 3675 1953 3726 quamquam
1970 3659 2037 3710 nihil

380 3751 413 3800 ad
431 3767 478 3801 nos
496 3749 621 3816 perlatum
639 3763 695 3798 esse
713 3746 808 3797 Halma
825 3745 905 3796 abbas
923 3745 1004 3795 edixit
1022 3737 1091 3807 (libri
1109 3761 1134 3796 n.
1149 3742 1166 3794 4
1183 3743 1290 3795 indicati
1308 3745 1351 3795 t.I
1369 3761 1394 3812 p.
1409 3741 1477 3811 157),
1496 3761 1544 3812 ego
1563 3747 1614 3798 duo
1632 3747 1752 3814 exempla
1769 3747 1933 3815 perlustravi,
1952 3761 2036 3797 unum

381 3836 537 3887 Vaticanum
555 3850 594 3900 gr.
607 3833 674 3885 CXC
693 3847 758 3884 saec.
771 3831 809 3881 XI
828 3833 844 3880 l.
858 3827 909 3882 293
918 3847 972 3896 sqq.
993 3829 1037 3896 (V)
1056 3829 1170 3906 Eue-lidia
1188 3829 1320 3881 elementis
1337 3831 1447 3883 illustre:
1466 3832 1541 3883 cuius
1559 3834 1689 3898 exemplar
1706 3833 1775 3885 unde
1793 3833 1929 3884 oriundum
1948 3831 2036 3896 tuerit,

383 3921 512 3973 εδιιοατιίο
530 3922 548 3970 f.
560 3917 628 3971 298*
645 3919 719 3970 docet
738 3915 773 3973 τίς
790 3915 840 3966 νῦν
855 3915 954 3980 συνέβη
972 3920 989 3967 ε·
1005 3914 1055 3965 rari
1072 3918 1126 3981 ροθ
1143 3912 1326 3966 διοκλιτιανοό
1349 3916 1488 3968 τουτέστιν
1507 3899 1540 3969 επ
1558 3916 1607 3968 τοῦ
1624 3915 1644 3967 δ
1659 3925 1712 3982 odra
1734 3917 1798 3976 τοδς
1819 3915 1890 3968 κατά
1909 3911 2037 3984 άπαμιαν

382 4004 432 4072 τήν
448 4006 514 4055 καθ’
525 4002 598 4072 ήμᾶς
614 4005 631 4054 i.
643 4020 666 4054 e.
682 3999 718 4059 τίς
736 4000 788 4052 νῦν
801 3999 900 4066 συνέβη
913 3997 957 4052 ἐπί
975 4000 1024 4051 τοῦ
1036 3987 1093 4069 qod
1102 3999 1297 4067 Διοκλητιανοό
1314 4000 1375 4066 (462
1388 4020 1412 4070 p,
1422 4006 1500 4066 Cim),
1518 4002 1658 4055 τουτέστιν
1672 4001 1716 4055 ἐπὶ
1734 4005 1782 4056 τοῦ
1800 3991 1861 4070 tlh-q]
1873 4000 1950 4061 ἔτους
1967 4001 2038 4054 κατὰ

380 4084 530 4160 Ἀπάμειαν
553 4088 602 4156 τήν
620 4087 685 4137 καθ’
701 4085 774 4155 ἡμᾶς
796 4087 894 4139 seilicet
911 4088 1000 4154 Syros3
1024 4087 1134 4140 altorum
1158 4087 1337 4140 Florentinum
1360 4090 1533 4142 bibliothecas
1551 4092 1744 4144 laurentianae
1760 4093 1874 4144 XXVIII
1887 4091 1920 4143 12
1938 4089 1987 4158 (Μ)
2005 4091 2038 4142 de

382 4195 433 4244 quo
450 4179 519 4230 infra
538 4195 562 4245 p.
575 4174 627 4228 364
644 4175 781 4226 dicendum
794 4177 850 4225 erit.
881 4173 1022 4225 Vaticanus
1034 4174 1115 4226 codex
1130 4175 1186 4226 fieri
1198 4182 1282 4240 potest
1293 4181 1323 4224 ut
1341 4176 1400 4225 olim
1419 4177 1518 4242 integer
1535 4177 1624 4228 luerit:
1643 4193 1714 4228 nunc
1726 4179 1793 4229 enim
1812 4180 1829 4230 i.
1841 4175 1908 4230 340*
1925 4179 2036 4245 primum

381 4266 441 4317 libri
454 4266 489 4316 IV
508 4271 587 4331 caput
604 4261 768 4328 abrumpitur
785 4261 812 4311 in
831 4261 922 4312 ultima
939 4261 1117 4325 quaternionis
1140 4261 1234 4312 scheda
1255 4261 1331 4328 plone
1355 4262 1502 4328 perscripta.
1538 4263 1616 4314 ceteri
1634 4265 1747 4330 codioer,
1767 4273 1798 4316 ut
1814 4266 1929 4328 videtur,
1948 4280 2037 4316 omnes

381 4359 443 4404 sunt
460 4351 583 4402 mutilati:
603 4348 796 4400 Laurentianus
815 4348 887 4400 initio
904 4349 1016 4415 paginae
1034 4350 1051 4398 l.
1065 4345 1115 4399 94*
1133 4349 1160 4397 in
1178 4347 1261 4399 medio
1280 4349 1363 4413 capite
1380 4350 1416 4399 IV
1430 4347 1462 4400 10
1479 4350 1648 4416 abrumpitur,
1662 4352 1828 4402 MonacensIs
1845 4368 1884 4418 gr.
1896 4348 1948 4401 419
1966 4366 2036 4404 saec.

381 4438 444 4489 XIV
462 4435 505 4500 (cl.
524 4434 626 4486 Hardtii
644 4433 720 4486 catal.
740 4433 776 4483 IV
788 4429 899 4499 eotsq.)
920 4450 991 4486 nnnc
1013 4435 1104 4486 saltem
1129 4449 1180 4484 non
1198 4433 1268 4484 ultra
1285 4433 1302 4483 l.
1317 4433 1351 4482 IV
1370 4430 1422 4484 ο.9
1439 4435 1601 4501 progreditur
1620 4433 1730 4499 (1157*
1748 4447 1890 4489 erasmum
1908 4437 1935 4487 in
1953 4437 2038 4489 medio

380 4523 515 4575 enundato
534 4519 669 4584 subsistit),
688 4519 733 4572 ssd
751 4519 813 4570 olim
829 4521 905 4587 plura
917 4528 1072 4572 servaverat.
1109 4520 1140 4570 do
1158 4519 1245 4572 codice
1263 4519 1404 4572 Oxoniansi
1422 4521 1560 4573 Bodleiano
1578 4521 1684 4575 miscell.
1698 4522 1768 4575 nes
1786 4525 1922 4576 chartaceo
1940 4540 1961 4576 s.
1974 4525 2037 4576 xv1

380 4611 440 4663 olim
459 4609 589 4660 Saviliano
609 4608 626 4657 ί.
640 4602 778 4658 lot-234
795 4607 860 4657 mihi
878 4623 930 4658 nou
949 4615 1056 4659 coastm.
1105 4607 1235 4657 Brevioris
1261 4607 1439 4658 commentarii
1467 4607 1546 4659 libros
1575 4625 1634 4659 mss.
1657 4611 1786 4661 recensuit
1810 4627 1862 4662 ran
1880 4610 1925 4662 der
1943 4611 2036 4676 Hagen

381 4696 489 4748 Observ.
508 4697 534 4747 in
556 4697 669 4748 Theonis
692 4696 773 4746 fasten
797 4708 903 4760 graecos
920 4694 1018 4760 priores
1035 4692 1152 4754 (Amstel.
1168 4689 1243 4754 1135)
1261 4709 1284 4759 p.
1300 4691 1333 4743 14
1341 4709 1380 4758 aq.
1487 4691 1508 4758 8)
1527 4695 1565 4744 Cf.
1586 4695 1761 4746 commentarii
1784 4695 1909 4747 brevioris
1927 4695 1959 4746 ad
1977 4696 2037 4762 Epi-

380 4783 504 4850 phaniam
521 4782 609 4848 scripti
628 4797 649 4833 e.
662 4783 688 4832 II
705 4798 730 4847 p.
743 4777 778 4832 33
795 4781 836 4831 ed.
854 4781 964 4833 Halmae
978 4780 1048 4840 (adn.
1061 4775 1117 4843 dlo‘
1134 4776 1165 4828 δὲ
1175 4777 1260 4845 μέσος
1273 4775 1395 4848 (χρόνος)
1413 4815 1461 4829 ...
1480 4777 1547 4848 πρός
1565 4776 1598 4829 δν
1615 4777 1660 4830 καί
1674 4777 1691 4846 ή
1706 4778 1760 4830 τῶν
1778 4777 1904 4831 κανόνων
1927 4775 2036 4838 ἔκδυσις

380 4867 419 4938 τῷ
437 4863 596 4935 Πτολεμαίῳ
613 4862 866 4934 πεπραγμάτευται.
902 4868 967 4920 adde
985 4867 1090 4932 Georgii
1108 4866 1222 4931 Syncelli
1240 4867 1385 4918 testimonia
1404 4884 1428 4933 p.
1440 4865 1501 4932 497,
1516 4863 1556 4917 10.
1575 4865 1665 4932 618,5
1683 4869 1722 4919 ed.
1734 4869 1815 4920 Boun.
1918 4869 1939 4932 ι)
1960 4867 2034 4920 θυοτ-

380 4955 504 5006 mentar'ra
521 4954 553 5005 de
576 4953 663 5004 Τλέοα
681 4952 871 5004 &Alexandria
888 4968 934 5003 ταν
952 4953 989 5003 let
1013 4951 1092 5002 tabler
1110 4951 1251 5002 προσείλει
1269 4953 1470 5016 ακιυοαουιίηαω
1488 4952 1519 5004 δε
1537 4951 1664 5006 Ριοὶωοίε
1680 4971 1733 5020 par
1751 4954 1833 5005 l'abbt
1850 4953 1951 5006 Ηαίωα
1964 4955 2033 5020 (Par.

381 5037 630 5107 1822)1ρ.1-26.
665 5046 775 5090 testatur
793 5038 931 5090 identidem
949 5039 1020 5090 Theo
1038 5040 1065 5089 in
1078 5039 1259 5090 commentario
1271 5038 1395 5104 ampliora
1413 5055 1435 5090 e.
1448 5055 1469 5090 e.
1483 5037 1534 5088 111
1554 5035 1570 5087 ό
1580 5037 1747 5107 Πτολεμαῖος
1766 5038 1796 5092 έν
1814 5041 1852 5111 τῷ
1870 5040 1938 5112 πρός
1950 5039 2038 5110 Σόρον

381 5126 419 5184 εἰς
437 5122 486 5176 τόν
504 5121 653 5194 πρόχειρον
671 5119 849 5192 ὑπομνήματι
868 5124 901 5188 (V
913 5119 980 5175 312*
998 5132 1023 5175 et
1040 5121 1111 5189 3141,
1130 5125 1157 5175 M
1170 5121 1220 5175 60*
1237 5131 1263 5176 et
1281 5123 1346 5188 62*).
1420 5125 1440 5188 ⁵)
1458 5126 1560 5192 Proleg.
1578 5127 1605 5178 in
1622 5128 1675 5178 tab.
1694 5143 1763 5178 man.
1782 5125 1837 5193 p.2
1855 5130 1889 5179 II.
1908 5125 2038 5180 συνεστά-

380 5215 472 5278 θησαν
488 5210 542 5279 μέν
560 5196 609 5262 σόν
627 5209 657 5260 αί
674 5205 773 5276 έποχαί
791 5206 904 5259 πιίντων
922 5209 969 5277 (sc.
981 5208 1037 5260 τῶν
1049 5209 1247 5277 πλανωμένων)
1259 5207 1382 5261 ἐνταῦθα
1401 5213 1439 5268 είς
1457 5208 1506 5277 τήν
1524 5208 1554 5262 ἐν
1569 5205 1755 5280 Ἀλεξανδρεία
1767 5212 1800 5280 τῇ
1812 5212 1881 5281 πρός
1894 5214 2035 5281 Αἴγυπτον

379 5295 536 5366 μεσημβρίᾳ
555 5297 623 5365 (lege
639 5293 825 5365 μεσημβρίαν)
849 5295 895 5362 τῆς
917 5297 978 5347 κατ’
999 5293 1164 5362 Αἰγυπτίους
1187 5296 1251 5346 aaa
1273 5295 1423 5365 νουμηνίας
1447 5297 1496 5349 τοῦ
1518 5297 1629 5368 πρώτου
1651 5293 1727 5356 ἔτους
1752 5297 1887 5350 Φιλίππου
1909 5301 1957 5352 τοῦ
1974 5302 2037 5368 μετ’

377 5380 554 5451 Ἀλέξανδρον
571 5383 619 5435 τόν
637 5383 756 5449 κτίστην.
864 5384 885 5448 ⁸)
902 5384 968 5436 Vide
986 5385 1099 5435 Theonis
1117 5385 1218 5436 tabulas
1237 5386 1271 5437 ab
1289 5387 1386 5437 Halma
1404 5387 1484 5437 editas
1503 5385 1755 5454 (n.4)t.1p.154.
1862 5385 1884 5452 7)
1903 5389 1943 5440 Cf.
1961 5388 2035 5440 Theo

378 5475 397 5524 l.
416 5489 436 5524 s.
456 5471 515 5524 110
531 5472 565 5536 (V
582 5475 600 5523 l.
613 5469 681 5524 299*
698 5473 725 5522 Μ
738 5468 798 5534 47*)
817 5467 974 5535 εἰσάγοντες
991 5466 1047 5537 γάρ
1065 5467 1199 5538 πρότερον
1218 5469 1267 5536 τήν
1286 5463 1474 5522 ἀναδοθεῖσαν
1491 5469 1571 5523 πόλιν
1590 5473 1628 5530 είς
1645 5471 1677 5524 τό
1694 5471 1750 5524 τῶν
1768 5469 1910 5541 ἐπισήμων
1927 5469 2035 5523 πόλεων

379 5541 509 5609 κανόνων
526 5553 572 5607 καί
590 5556 638 5613 τάς
655 5555 859 5624 παρακειμένας
872 5543 941 5622 rru'ryv
953 5555 1002 5606 τοῦ
1015 5552 1131 5613 πλάτους
1143 5551 1203 5622 ήτοι
1215 5553 1366 5627 ἐξάρματος
1377 5555 1476 5624 μοίρας
1488 5557 1615 5624 λαβόντες
1627 5555 1831 5626 ἐπισκοποῦμεν
1842 5559 1907 5608 καθ’
1918 5557 2035 5609 ἕκαστον

380 5641 484 5695 κανόνα
500 5627 588 5702 τῶν-ζ
604 5639 746 5711 κλιμάτων
769 5639 812 5709 [ci.
825 5644 939 5695 Theonis
956 5644 1008 5694 tab.
1022 5645 1047 5694 11
1065 5661 1088 5710 p.
1101 5641 1208 5710 2sqq.],
1232 5641 1285 5694 τίνι
1309 5643 1364 5694 τῶν
1388 5641 1637 5714 ἐπιγεγραμμένων
1655 5643 1685 5698 ἐν
1704 5641 1796 5704 αότοῑς
1814 5643 1863 5697 τοῦ
1881 5643 2033 5714 ἐξάρματος

379 5729 434 5782 τῶν
453 5728 653 5798 (δε1ε)μοιριιῑν
672 5721 784 5798 ἀριθμῷ
802 5726 957 5795 συνεγγίζει
975 5729 1006 5780 τό
1026 5729 1071 5794 τῆς
1090 5721 1271 5795 ἀναδοθείσης
1288 5728 1391 5787 πόλεως
1409 5726 1523 5799 έξαρμα.
