4552 6308
566 336 803 392 LATERCVLVS
823 335 954 392 REGVM
974 335 1258 392 VVANDALORVM
1278 337 1322 390 ΕΤ
1343 336 1556 393 ALANORVM.
1829 345 1890 407 457

338 509 424 575 Anni
453 534 524 578 cum
554 514 641 600 apud
668 511 836 576 vandalos
864 532 930 576 non
957 532 1046 576 more
1076 512 1225 576 Romano
1256 533 1314 598 per
1339 512 1488 576 consules
1512 514 1733 596 enuntientur,
1758 515 1816 579 sed
1839 537 1890 580 se·

235 614 373 679 cundum
396 636 501 701 regas,
526 617 700 702 quaeritur,
724 637 743 680 a
767 637 829 703 quo
854 615 905 680 dic
930 637 1048 681 annum
1074 616 1106 680 hi
1129 623 1307 681 numerent.
1355 622 1388 680 at
1411 615 1624 682 Gensericum
1647 618 1777 704 quidem
1800 621 1892 704 regni

234 718 439 785 fundatorem
463 728 587 785 constat
610 741 710 785 annos
733 741 920 785 numerasse
944 742 963 784 a
986 719 1038 785 dic
1062 727 1177 806 captae
1197 719 1402 805 Carthaginis
1427 720 1498 786 Oct.
1520 725 1566 786 18.
1612 721 1767 788 Hunerici
1790 745 1891 788 annus

235 824 355 908 primus
377 829 482 888 utrum
507 827 645 911 spatium
669 823 828 910 significet
850 845 870 888 a
898 825 950 888 die
972 831 1047 911 post
1075 825 1198 889 obitum
1221 823 1378 889 Geiserici
1402 845 1431 890 a.
1449 828 1510 889 477
1534 825 1603 890 Ian.
1621 829 1661 890 26
1685 826 1727 891 ad
1751 826 1891 891 eundem

234 927 320 990 diem
337 929 411 991 anni
434 929 598 1013 sequentis
621 949 662 991 sn
685 928 726 992 ab
751 928 868 992 eodem
893 927 1003 992 dicad
1026 949 1054 992 a.
1073 932 1134 993 477
1160 928 1230 992 Oct.
1251 932 1288 993 18
1314 935 1346 992 ct
1370 929 1414 993 sic
1436 929 1600 1016 deinceps,
1624 931 1745 1016 ambigi
1767 939 1891 1018 potest;

235 1030 313 1095 mihi
329 1053 385 1095 cur
400 1031 542 1095 secunda
560 1033 639 1096 ratio
656 1034 760 1117 magis
777 1033 941 1117 probetur,
959 1033 1095 1118 exposui
1110 1033 1143 1096 in
1166 1032 1240 1118 eph.
1257 1041 1367 1097 nostra
1383 1032 1488 1096 Neues
1504 1033 1624 1097 Archiv
1646 1033 1708 1097 vol.
1730 1038 1767 1098 16
1791 1056 1821 1120 p.
1839 1039 1890 1100 62.

237 1154 335 1198 causa
356 1133 445 1198 nulla
468 1137 637 1221 reperitur,
661 1156 717 1200 our
739 1142 913 1222 sequentes
936 1156 1032 1221 reges
1056 1137 1150 1200 aliter
1173 1157 1274 1200 annos
1297 1138 1497 1201 numerarint
1522 1144 1619 1223 atque
1645 1137 1720 1202 iecit
1742 1139 1891 1225 princeps

235 1258 346 1302 eorum
369 1244 402 1303 st
424 1240 571 1304 laterculi
594 1241 779 1325 posterioris
803 1247 915 1305 auctor
937 1262 1008 1305 cum
1032 1242 1174 1306 scribere
1198 1263 1233 1305 se
1257 1241 1343 1306 dicat
1366 1261 1405 1306 eo
1430 1263 1514 1306 anno
1541 1262 1604 1328 quo
1628 1242 1891 1308 Thrasamundus

234 1342 320 1406 diem
344 1343 461 1407 obierit
489 1344 530 1408 ab
558 1345 705 1428 ingressu
735 1343 939 1429 Carthaginis
962 1344 1177 1426 LXXXIIII,
1213 1346 1332 1410 diserte
1372 1347 1516 1410 enuntiat
1545 1347 1647 1410 latero
1677 1367 1786 1410 aeram
1818 1367 1891 1410 eam

233 1446 354 1531 pariter
383 1453 481 1532 atque
512 1449 547 1509 fit
573 1447 605 1510 in
636 1447 788 1533 Aegypto
820 1455 853 1511 et
883 1446 960 1511 alibi
988 1448 1046 1512 sub
1078 1449 1261 1513 nominibus
1292 1471 1423 1535 regum,
1456 1470 1557 1513 annos
1581 1450 1761 1535 computari
1784 1471 1803 1514 a
1825 1451 1889 1515 fixo

233 1548 378 1614 exordio.
