4554 6316
722 372 990 429 ADDITAIIEN'I'A
1008 373 1057 428 Al)
1076 373 1264 430 01111οΝ101
1282 375 1440 431 BEDANA.
1840 381 1903 444 347

252 548 448 615 Communes
468 547 566 634 igitur
582 566 655 610 oum
677 545 799 611 habeat
822 565 948 611 errores
971 549 1153 634 complures
1176 569 1249 614 cum
1264 547 1407 613 Bedanis
1428 548 1518 613 libris
1539 548 1764 634 deterioribus,
1781 549 1904 614 66111661

252 676 272 719 6
294 654 471 720 Iustiniano
493 651 528 715 Π
551 649 791 714 transeuntibus
814 649 857 714 ad
878 649 1065 736 Pippinum‚
1088 657 1163 737 post
1179 650 1336 717 Severum
1352 673 1425 717 oum
1448 653 1480 717 hi
1497 674 1697 740 magnopere
1714 655 1747 718 in
1762 655 1904 719 numeris

252 758 393 838 varient,
420 776 486 820 non
514 755 630 819 mirum
665 759 715 817 est
748 753 791 818 ab
821 773 862 818 ea
891 753 967 818 inde
996 760 1105 820 aetate
1132 757 1280 821 laterculi
1308 777 1460 821 numeros
1489 759 1610 843 passim
1633 780 1653 823 a
1674 757 1818 824 Bedanis
1842 757 1903 822 111-

251 864 346 927 ferre.
390 861 424 924 in
445 859 628 924 uuiversum
651 856 707 922 ubi
729 863 962 942 computamus,
985 858 1119 924 adiectis
1141 860 1174 923 16
1196 861 1251 925 1116
1275 859 1318 924 61
1340 861 1531 925 laterculum
1562 861 1732 926 Bedanum
1760 863 1903 944 666166,

253 964 405 1030 detractis
433 962 509 1028 inde
540 963 631 1026 annis
655 964 695 1026 28
726 981 799 1025 cum
827 982 979 1026 numerus
1008 963 1063 1028 ille
1087 966 1171 1028 4639
1194 963 1368 1029 reducatur
1390 964 1432 1029 ad
1455 969 1550 1048 4617,
1573 966 1616 1031 61
1639 988 1714 1033 eum
1735 987 1905 1032 numerum

252 1069 370 1134 additis
392 1067 498 1149 annis,
522 1087 603 1152 quos
624 1067 798 1130 laterculus
820 1073 969 1131 numerat
991 1088 1011 1131 a
1034 1066 1234 1132 Constantini
1262 1069 1424 1154 Pogonati
1452 1077 1556 1135 morte
1589 1069 1632 1134 ad
1659 1070 1768 1136 Caroli
1795 1071 1906 1156 magni

246 1178 371 1238 'annum
400 1171 601 1258 trigesimum
633 1190 771 1251 nonum,
799 1170 832 1233 in
862 1191 925 1255 quo
956 1171 1069 1236 finiunt
1097 1171 1170 1237 libri
1192 1179 1259 1237 tres
1287 1172 1509 1238 Bumellensis
1538 1173 1636 1239 modo
1665 1176 1849 1240 nominatus
1872 1179 1906 1238 et

253 1278 386 1344 Casinas
417 1281 450 1341 et
473 1273 715 1356 Gasanatensis,
742 1275 796 1338 661
818 1273 861 1338 61
883 1295 1002 1339 annum
1031 1275 1313 1363 quadragesimum
1341 1277 1532 1360 secundum,
1555 1279 1588 1342 in
1611 1299 1674 1365 quo
1697 1279 1811 1343 finiunt
1833 1277 1907 1343 libri

251 1383 408 1469 plerique,
431 1380 486 1466 qui
507 1380 587 1444 fiunt
614 1383 672 1443 126
696 1379 748 1443 661
775 1381 848 1461 129,
877 1399 978 1444 annus
1005 1381 1033 1444 is
1056 1380 1164 1445 Oaroli
1194 1381 1331 1446 efficitur
1360 1381 1472 1446 mundi
1491 1385 1575 1447 4743
1599 1384 1775 1465 6614746,
1799 1404 1819 1446 6
1842 1402 1905 1468 quo

253 1507 349 1572 quem
372 1484 520 1550 laterculi
534 1488 658 1568 ponunt
670 1484 754 1546 4759
776 1483 830 1546 661
846 1486 927 1547 4761
953 1483 1000 1547 116
1014 1483 1147 1566 recedit,
1163 1490 1199 1548 ut
1214 1483 1416 1550 differentiae
1441 1486 1473 1549 in
1488 1487 1601 1571 spatiis
1617 1507 1791 1573 regnorum
1806 1488 1905 1551 inter·

252 1591 365 1676 positis
387 1608 456 1653 rem
480 1587 573 1652 166116
598 1586 771 1671 6666116661.
808 1585 919 1670 itaque
943 1585 1076 1652 dubium
1098 1608 1163 1652 non
1184 1594 1234 1652 661
1254 1589 1445 1653 laterculum
1469 1610 1543 1654 eum
1558 1589 1600 1654 de
1617 1611 1679 1676 quo
1697 1591 1823 1675 agimus
1846 1610 1904 1653 sx-

253 1701 399 1780 cerptum
423 1713 494 1757 esse
519 1713 562 1756 ex
593 1690 749 1756 chronicis
778 1691 954 1756 minoribus
976 1690 1118 1756 Bedanis
1142 1692 1266 1757 formae
1290 1695 1375 1776 sius,
1405 1714 1502 1779 quam
1526 1693 1655 1759 6611666
1678 1695 1779 1759 666161
1798 1693 1910 1758 BHM

253 1801 510 1884 repraesentant.

356 1901 547 1967 Latorculus
582 1921 654 1963 oum
687 1899 728 1963 sit
760 1900 907 1964 utilitatis
935 1899 1110 1964 admodum
1140 1901 1280 1986 exiguae
1313 1921 1417 1986 eaque
1447 1903 1516 1966 sola
1548 1901 1616 1967 fere
1646 1903 1849 1967 contineatur
1874 1902 1907 1965 in

254 2013 347 2094 66616
382 2012 545 2087 extrema,
576 2009 707 2089 praeter
741 2002 821 2068 duos
855 2003 983 2069 codices
1017 2004 1307 2070 Ρ6616166164860
1343 2013 1377 2069 61
1411 2005 1657 2091 Sangallensem
1687 2006 1908 2072 687816166

255 2129 427 2197 expressos
449 2108 565 2192 reliqui
586 2127 721 2171 numero
745 2109 837 2172 multi
859 2108 1001 2174 breviter
1023 2115 1243 2192 recensentur,
1267 2114 1415 2174 extrema
1430 2116 1550 2192 autem,
1568 2116 1726 2195 quatenus
1748 2110 1842 2175 nobis
1866 2108 1907 2173 de

254 2216 293 2279 iis
316 2211 494 2294 constabat,
516 2210 600 2275 16166
622 2211 812 2276 refenmtur.
1227 2213 1229 2218 ’

253 2317 506 2401 Bambergensis
535 2313 636 2378 EIII
660 2317 696 2380 18
725 2336 811 2381 6666.
831 2315 881 2380 XI
903 2316 981 2401 (vol.
1011 2323 1023 2380 1
1052 2339 1083 2403 p.
1104 2317 1182 2402 622)
1211 2317 1437 2381 1.114-117.
1481 2319 1682 2403 inscriptum:
1713 2315 1907 2381 6156666116

338 2420 492 2486 chronice.
536 2417 749 2503 pervenitad
771 2440 800 2482 6.
829 2417 938 2483 Caroli
959 2421 1070 2506 magni
1092 2441 1121 2484 a.
1137 2419 1235 2484 XLII
1257 2418 1382 2506 (Waltz
1404 2420 1479 2485 uu.
1504 2420 1562 2486 SS.
1591 2425 1639 2503 13,
1656 2421 1743 2506 224).

252 2525 426 2592 Bemensis
456 2545 487 2588 6.
509 2525 549 2588 83
579 2542 664 2587 6666.
684 2521 718 2586 X
739 2522 761 2586 1.
779 2526 818 2586 77
844 2522 899 2608 (cf.
921 2521 996 2587 ue.
1025 2525 1073 2604 13,
1093 2521 1181 2608 724).
1226 2524 1391 2609 inscriptio
1418 2525 1515 2589 nulla.
1560 2525 1709 2610 pervenit
1732 2522 1775 2587 ad
1798 2522 1907 2588 Caroli

337 2629 447 2714 magni
470 2648 500 2691 a.
515 2625 622 2690 XLII.
668 2633 817 2691 extrema
840 2625 1005 2712 descripsi.

254 2734 472 2799 Berolincnsis
488 2730 738 2815 Phillippsianus
760 2752 791 2795 6.
813 2734 871 2795 139
888 2763 928 2786 =
950 2733 1031 2796 1832
1055 2751 1140 2797 saec.
1155 2730 1249 2818 IXIX
1272 2731 1293 2796 1.
1311 2735 1449 2800 78-80.
1486 2734 1690 2820 inscriptum:
1713 2731 1909 2798 adbreviatic

338 2837 491 2902 66661666.
552 2834 702 2920 66666611
729 2833 772 2898 61
799 2832 907 2899 Caroli
933 2835 1043 2920 magni
1070 2856 1099 2899 6.
1119 2834 1218 2900 XLII
1245 2834 1481 2919 (Veraeichniss
1509 2837 1565 2902 der
1594 2833 1909 2902 Mcerman-Hand-

340 2940 495 3022 scbriften
510 2961 546 3021 p.
561 2940 652 3014 292).

255 3044 477 3110 Bruxellensis
506 3064 537 3107 a.
560 3045 775 3107 5413-5422
803 3062 887 3106 6666.
912 3042 971 3106 ΙΧ.
1026 3048 1101 3128 6661
1131 3041 1247 3106 Isidori
1281 3042 1433 3107 chronica
1467 3044 1591 3108 maiora
1624 3043 1702 3130 (vol.
1728 3046 1747 3108 2
1776 3064 1807 3128 6.
1831 3041 1933 3125 401)

340 3153 518 3235 sequuntur
545 3146 567 3213 f.
595 3147 760 3209 144-148
790 3145 937 3210 laterculi
965 3144 1048 3227 duo,
1076 3146 1159 3210 alter
1186 3152 1358 3231 excerptus
1388 3167 1430 3210 ex
1460 3147 1617 3211 chronicis
1647 3146 1909 3232 Hieronymianis

340 3253 527 3338 inscriptus:
549 3269 702 3314 nannents
727 3268 888 3314 annnam
909 3249 949 3314 ab
971 3249 1065 3314 initio
1087 3249 1201 3314 mnndi
1221 3249 1394 3314 amandum
1417 3249 1593 3315 1166611666
1622 3256 1650 3316 61
1673 3255 1789 3314 eeteros
1810 3269 1910 3329 nsque

341 3357 377 3420 in
390 3360 590 3437 Jnaesentem
604 3372 736 3428 annam,
759 3352 914 3439 incipiens
929 3353 989 3416 ita:
1012 3351 1172 3416 1166601666
1190 3351 1407 3417 Caesariensis
1430 3354 1518 3418 dicit.
1556 3359 1632 3418 sant
1647 3354 1728 3417 anisi
1750 3353 1790 3416 ab
1803 3351 1912 3417 Adam

341 3481 441 3542 usqne
467 3460 511 3523 61
532 3457 688 3524 ditonum
711 3441 756 3520 II
780 3460 809 3519 ct
839 3453 1008 3532 CCXLII,
1036 3476 1058 3518 a
1086 3455 1206 3520 dilavio
1238 3476 1339 3536 neque
1371 3457 1415 3520 ad
1447 3457 1626 3540 Abrabam,
1655 3457 1770 3521 finiens
1799 3457 1862 3520 116;
1889 3474 1911 3517 a

340 3563 509 3626 nativitate
534 3561 654 3628 Christi
680 3581 778 3642 iisqne
808 3560 852 3623 ad
870 3579 1025 3640 praesens
1054 3565 1176 3644 tempas
1197 3565 1422 3641 computantur
1448 3562 1529 3625 anni
1555 3559 1805 3637 DOOOVIIII,
1829 3561 1912 3624 alter

342 3667 369 3730 is
393 3686 490 3752 quem
513 3665 638 3730 edimus
660 3665 844 3749 inscriptus:
868 3665 904 3727 in
919 3664 971 3727 dci
985 3665 1111 3729 nornine
1132 3666 1228 3728 series
1249 3685 1408 3730 enatorum
1430 3665 1469 3729 ab
1485 3665 1579 3730 initio
1601 3665 1715 3730 mandi
1736 3664 1909 3728 6666616666

342 3769 534 3834 Hebraicam
548 3771 710 3834 6661161666
732 3773 770 3833 at
791 3767 851 3832 atii
866 3768 988 3834 dicunt.
1033 3770 1181 3854 pervenit
1204 3768 1247 3833 ad
1263 3767 1370 3833 Caroli
1393 3769 1503 3855 magni
1525 3789 1555 3834 a.
1570 3767 1729 3833 XXXIX.
1776 3768 1910 3832 contulit

343 3874 460 3940 librum
482 3895 502 3937 6
525 3893 578 3938 me
602 3879 735 3959 rogatus
757 3871 872 3936 Franc.
897 3871 1045 3936 Oumont.
1261 3945 1264 3948 ,

256 3979 391 4043 Casinas
413 3981 481 4042 63
505 3997 589 4042 6666.
605 3977 655 4041 IX
677 3997 709 4062 p.
729 3979 897 4041 109-112
920 3977 1091 4062 1666616166
1121 3977 1159 4040 de
1180 3981 1263 4040 actes
1284 3977 1361 4062 (sic)
1383 3976 1505 4042 mnndi.
1560 3977 1710 4062 pervenit
1732 3976 1774 4041 ad
1798 3975 1950 4042 0666110

341 4083 452 4167 magni
474 4102 502 4145 a.
518 4079 728 4146 XXXVIIII.
772 4079 964 4145 describitur
978 4079 1061 4144 liber
1082 4081 1116 4144 in
1137 4079 1215 4145 bibl.
1232 4079 1495 4146 (1661666616661.
1516 4085 1525 4143 1
1550 4078 1663 4166 (1873)
1680 4102 1713 4166 p.
1730 4083 1781 4164 85,
1805 4081 1910 4146 editus

342 4192 391 4250 est
413 4185 586 4250 laterculus
609 4186 642 4248 in
664 4185 821 4270 florilegio
846 4183 996 4248 adiuncto
1019 4205 1050 4270 p.
1068 4188 1109 4248 65
1119 4204 1198 4269 seq,
1222 4183 1264 4248 61
1287 4205 1383 4269 quam
1407 4183 1583 4248 editionem
1607 4205 1682 4248 eum
1705 4184 1849 4250 adhibui.

256 4291 355 4374 Dijon
377 4311 407 4354 n.
425 4291 487 4354 269
510 4309 594 4354 6666.
611 4287 679 4352 XII
701 4287 723 4353 1.
744 4291 813 4352 188.
840 4289 911 4352 189.
948 4287 1147 4372 inscriptum:
1172 4289 1317 4352 66661666
1336 4287 1539 4352 adbreviata.
1577 4289 1726 4374 66666611
1742 4287 1785 4352 61
1801 4286 1911 4352 Caroli

342 4395 452 4479 magni
474 4415 503 4457 a.
518 4393 590 4458 XL.
636 4399 785 4457 extrema
807 4390 895 4455 edita
917 4397 990 4456 sunt
1012 4390 1100 4477 apud
1122 4391 1219 4456 Perta
1241 4391 1361 4456 Archiv
1385 4395 1414 4474 7,
1431 4394 1504 4456 272.
1527 4395 1600 4456 447.

255 4497 404 4562 Koblenn
426 4495 598 4582 aliquando
623 4494 710 4582 apud
726 4493 934 4559 Goerresium
956 4515 988 4560 a.
1009 4499 1046 4559 16
1070 4515 1155 4561 saec.
1171 4493 1272 4580 ΙΧῘΧ,
1296 4504 1393 4560 66166
1408 4493 1548 4560 Τ6661616
1563 4495 1596 4559 16
1611 4495 1713 4559 sancti
1729 4493 1910 4560 Maximini.

341 4601 544 4687 inscriptum:
574 4599 764 4664 6116666116
790 4599 965 4664 chronicae.
1019 4599 1167 4684 pervenit
1196 4599 1238 4664 ad
1271 4599 1379 4665 Caroli
1408 4600 1519 4684 magni
1548 4619 1577 4662 a.
1602 4597 1709 4662 XLII.
1764 4604 1912 4663 extrema

344 4703 433 4768 edita
456 4709 530 4768 sunt
552 4702 640 4789 apud
663 4703 759 4768 Perta
783 4702 904 4767 Archiv
929 4707 977 4785 11,
995 4704 1068 4767 291.

254 4807 463 4894 116616611166
482 4831 513 4873 6.
531 4810 593 4872 306
616 4827 700 4872 6666.
716 4807 775 4872 ΙΧ.
819 4791 1001 4871 inscribitur
1029 4806 1201 4871 abreviatio
1230 4807 1395 4872 chronicae
1419 4826 1480 4887 per
1507 4805 1557 4871 VI
1583 4810 1711 4869 aetates.
1765 4805 1913 4889 pervenit
1966 4889 1968 4894 ,

343 4911 385 4976 ad
407 4933 437 4976 a.
454 4914 510 4976 831
544 4909 634 4996 (vide
656 4910 739 4975 16166
760 4932 793 4997 6.
810 4912 899 4995 353).
954 4917 1102 4976 extrema
1134 4911 1213 4976 mihi
1246 4911 1408 4996 descripta
1441 4916 1516 4975 sunt
1549 4909 1591 4974 ab
1622 4910 1725 4974 amico
1758 4907 1910 4994 editaque

344 5015 432 5102 apud
454 5015 616 5080 Pertzium
637 5014 759 5080 Arabio
783 5020 812 5098 7,
830 5017 902 5079 272.

256 5119 460 5185 Monacensis
481 5141 513 5183 6.
530 5121 592 5184 210
619 5139 704 5183 6666.
724 5117 818 5203 ΙΧ)Χ
844 5118 865 5183 1.
881 5122 977 5184 4-7.
1031 5118 1215 5184 inscribitur
1244 5117 1437 5183 6116661616
1465 5117 1640 5182 chronicae.
1685 5116 1836 5202 66666611
1867 5115 1910 5181 61
1930 5123 1960 5173 N

343 5223 452 5289 Caroli
473 5223 583 5309 magni
599 5241 635 5286 a.
651 5221 758 5304 XLII,
781 5221 943 5308 adscripto
966 5241 1051 5286 anno
1075 5243 1106 5308 p.
1124 5219 1199 5287 Ohr.
1217 5225 1290 5287 818.
1335 5221 1456 5286 6661611
1479 5225 1512 5284 61
1534 5221 1662 5306 6611666
1685 5219 1850 5287 61661661.

257 5327 420 5392 Ρ66161666
435 5349 466 5392 6.
483 5330 567 5393 4860
590 5346 675 5392 saec.
692 5325 724 5390 X
746 5325 825 5411 (vol.
845 5332 860 5390 1
884 5346 915 5411 6.
933 5328 995 5390 363
1019 5346 1047 5391 6.
1064 5328 1108 5411 8).
1153 5326 1335 5391 Inscribitur
1349 5325 1433 5390 11661
1446 5325 1543 5389 saaca
1558 5323 1659 5389 166616
1673 5322 1712 5387 de
1726 5345 1782 5388 sea
1795 5324 1909 5389 aetati-
1928 5332 1959 5383 11

343 5431 401 5496 bras
422 5430 544 5496 mandi.
590 5429 738 5517 pervenit
761 5428 803 5493 ad
824 5429 948 5494 obitum
963 5428 1120 5496 Ludovioi
1142 5430 1194 5495 Pii
1217 5451 1247 5498 a.
1263 5435 1326 5496 840
1350 5429 1433 5514 (cide
1454 5450 1485 5515 p.
1506 5429 1595 5514 353).
1640 5426 1734 5492 huius
1756 5428 1830 5493 libri
1853 5427 1911 5494 de-

343 5537 453 5622 scripti
475 5535 553 5601 mihi
575 5533 747 5599 aGirardo
772 5533 905 5599 exlribui
921 5534 1042 5599 variam
1058 5535 1232 5600 lectionem
1246 5535 1417 5622 integram.
1464 5539 1612 5597 extrema
1628 5530 1717 5596 edita
1735 5537 1809 5595 sunt
1825 5531 1913 5620 apud

344 5640 507 5705 Pertaium
532 5639 651 5706 Archia
675 5643 703 5722 7,
721 5642 793 5702 272.
