4598 6300
850 339 1118 396 CHRONICORVM
1137 342 1308 399 EPITOIIE.
1843 354 1905 417 233

406 517 491 580 alem
514 516 653 600 gratiam
676 515 798 580 habere
821 515 935 578 vellet:
960 513 1019 578 sed
1033 515 1182 601 pontifex
1199 516 1260 580 hoo
1276 518 1385 582 facere
1402 521 1606 610 contempsit,
1651 523 1754 587 amuis
1777 543 1905 610 quoque

405 621 582 686 Ravennae
613 619 775 684 exercitus
802 619 854 683 vel
869 618 1082 682 Venetiarum
1106 620 1224 685 tahbus
1247 621 1340 685 iussis
1363 643 1425 686 uno
1450 644 1533 687 anno
1562 626 1766 709 restiterunt,
1790 634 1824 692 at
1846 629 1906 693 nisi

406 746 461 790 eos
484 724 632 810 pontifex
655 722 884 809 prohibuisset,
906 722 1137 807 imperatorem
1161 746 1258 810 super
1280 747 1315 790 se
1341 727 1536 792 constituere
1560 736 1633 794 sunt
1655 732 1790 815 agressi.

353 828 578 894 Bruxeliensis
600 849 631 892 n.
648 829 863 893 9837-9840
887 847 971 890 saec.
988 825 1073 890 XIII
1107 829 1250 892 conduct
1280 828 1394 894 Badae
1421 831 1520 895 libros
1551 831 1592 896 de
1616 835 1815 920 temporibus
1838 840 1904 900 tam

249 933 406 997 minorem
430 954 526 1019 quam
549 933 719 1007 maioram;
752 931 826 995 huic
850 930 1095 1016 praescribitur:
1129 933 1245 1016 incipit
1267 932 1409 1016 prefatio
1438 935 1625 999 amcrabilis
1646 936 1756 1004 Reduc
1771 925 1849 1020 prbi
1870 940 1907 1002 iu

249 1035 327 1100 libro
350 1037 388 1102 de
411 1036 609 1118 tenporibus

354 1139 551 1226 Cambridge
575 1140 719 1226 eorporis
742 1137 861 1203 Christi
884 1139 1014 1224 collegii
1036 1160 1067 1205 n.
1084 1142 1144 1203 291
1170 1160 1255 1204 saec.
1271 1139 1336 1204 XI:
1361 1140 1437 1206 liber
1459 1141 1569 1206 Bedac
1591 1142 1629 1206 dc
1651 1145 1850 1225 temporibus.

354 1243 550 1330 Cambridge
580 1244 723 1329 eorporis
752 1241 871 1308 Christi
898 1244 1027 1328 collegii
1057 1265 1087 1308 ιι.
1108 1246 1170 1308 315
1202 1263 1286 1308 saec.
1309 1244 1390 1310 XIV
1418 1267 1449 1332 p.
1475 1251 1547 1310 115:
1576 1253 1736 1328 acceptum
1764 1249 1801 1312 de
1827 1247 1906 1312 libro

249 1348 337 1413 Ifcdc
360 1349 398 1412 dc
420 1348 618 1428 temporibus.
664 1347 815 1412 chronica
837 1347 916 1412 sola.

353 1451 508 1517 Cavensis
529 1454 597 1518 n.3
619 1451 750 1517 sasaX
772 1451 809 1533 is,
834 1472 877 1516 ex
900 1471 963 1536 quo
986 1451 1120 1515 veniunt
1141 1451 1274 1515 annales
1297 1450 1462 1516 Cavenses
1486 1450 1575 1537 (Mb.
1601 1453 1658 1520 SS.
1675 1457 1704 1538 ³,
1727 1455 1809 1542 185).
1855 1457 2008 1532 in-saea.

248 1558 395 1622 scribitur
423 1556 500 1622 liber
528 1557 566 1620 dc
592 1555 781 1636 temporibus
809 1556 971 1635 sepositus
992 1561 1021 1618 et
1043 1554 1212 1618 ordinatus
1241 1576 1263 1618 a
1291 1554 1462 1620 amerabili
1483 1554 1577 1622 Beta.
1622 1557 1665 1622 ad
1690 1560 1904 1645 imperatores

248 1661 414 1725 Romanos
437 1661 478 1724 ab
502 1661 650 1745 Augusto
674 1658 717 1723 ad
732 1658 868 1723 Decium
893 1657 1076 1744 adscriptae
1099 1665 1173 1722 sunt
1188 1658 1333 1723 adhibito
1350 1659 1490 1724 Victoris
1507 1661 1593 1745 quod
1613 1660 1729 1728 dicitur
1743 1662 1904 1727 breviario

248 1765 423 1851 spatiorum
448 1763 666 1844 differentiae,
690 1762 833 1849 exempli
857 1783 954 1828 causa
977 1761 1019 1826 ad
1042 1761 1200 1826 Nervam:
1224 1762 1260 1826 al
1280 1763 1377 1826 chrm
1399 1763 1491 1828 habet
1519 1785 1637 1828 marsos
1661 1765 1751 1830 XVI
1772 1766 1840 1831 dies
1863 1765 1906 1842 X,

246 1869 332 1949 quad
353 1874 398 1933 cst
419 1867 549 1950 falsum,
572 1867 614 1932 ad
637 1867 867 1953 Elagabalurn:
891 1867 978 1931 alius
1000 1865 1077 1931 liber
1098 1867 1189 1932 habet
1210 1888 1333 1932 aarum
1359 1889 1461 1934 uuum
1487 1870 1610 1947 uriaus,
1638 1869 1725 1934 olirrs
1746 1891 1800 1935 au.
1816 1871 1860 1936 II
1878 1878 1907 1935 ct

246 1993 365 2036 accusas
391 1971 482 2037 VIII
501 1971 600 2048 habet,
625 1971 667 2035 ad
690 1970 842 2036 Decium:
866 1969 954 2034 alius
975 1968 1052 2034 liber
1073 1970 1165 2033 habet
1187 1970 1272 2050 quod
1292 1971 1493 2050 imperaverit
1515 1994 1595 2036 mem
1612 1971 1720 2037 XXX.

351 2073 567 2140 Oheltenham
590 2097 620 2139 n.
639 2078 721 2139 2651
747 2095 831 2139 saec.
848 2073 938 2138 XIV.
984 2073 1157 2138 deficiente
1180 2073 1257 2138 folio
1281 2074 1384 2160 primo
1406 2073 1490 2138 liber
1511 2075 1623 2162 incipit
1646 2097 1675 2140 a.
1701 2097 1727 2140 c.
1743 2075 1840 2141 XXV
1855 2078 1903 2140 in-

248 2178 326 2243 dicis
350 2180 574 2266 capItulorum.

352 2282 567 2348 Cheltenham
589 2303 620 2346 n.
642 2284 744 2345 12200
768 2301 852 2346 saec.
869 2280 961 2345 XIV.
1007 2280 1252 2367 praescribitur:
1277 2281 1391 2361 incipit
1407 2281 1572 2362 praefatio
1594 2281 1780 2348 remeabilis
1793 2283 1905 2348 Bedac

242 2388 413 2469 presbiteri
434 2389 470 2452 iu
493 2387 608 2452 librum
631 2385 668 2449 dc
690 2386 888 2466 temporibus.

350 2489 625 2556 Darmstadiensis
648 2510 678 2552 n.
700 2492 758 2554 146
783 2489 883 2554 chart.
907 2511 966 2553 scr.
991 2511 1018 2555 o.
1042 2510 1071 2553 a.
1094 2493 1192 2571 1500,
1216 2495 1315 2552 antea
1337 2487 1521 2553 carthusiae
1543 2488 1762 2569 Wesalicasis‚
1786 2490 1903 2554 deinde

245 2595 333 2683 apud
357 2595 594 2681 Huepsohiunr‚
617 2593 650 2656 in
672 2599 765 2679 parte
794 2591 937 2658 secunda
967 2593 989 2658 f.
1013 2588 1194 2657 arr-ros
1217 2592 1371 2656 chronica
1393 2591 1508 2657 Bedae
1531 2595 1655 2658 maiora
1678 2595 1821 2659 continet
1844 2595 1903 2659 sub

246 2701 338 2765 titulo
368 2699 443 2763 hoo:
473 2702 607 2778 propter
632 2695 868 2777 plenitudinem
904 2700 1076 2780 temporum
1107 2695 1154 2760 ael
1186 2717 1294 2759 raum
1324 2695 1476 2761 noticiam
1510 2696 1696 2761 venerabitis
1725 2699 1788 2761 airi
1816 2697 1904 2762 Beda

239 2802 409 2883 presbiteri
431 2801 580 2864 chrouica
611 2800 648 2862 iu
675 2798 754 2864 libro
783 2821 841 2864 suo
868 2800 906 2863 dc
938 2800 1131 2884 temporibus
1157 2798 1280 2863 utiliter
1307 2800 1405 2863 mimis
1430 2800 1550 2881 digesta
1573 2805 1626 2864 cst.
1670 2801 1708 2866 dc
1730 2823 1785 2866 scu
1806 2800 1905 2866 huius

244 2905 343 2970 seculi
364 2905 508 2969 ctatibrrs.
553 2923 627 2968 mea
649 2923 747 2967 eausa
770 2904 968 2967 examinavit
990 2903 1244 2987 Zangemeister.

348 3007 559 3073 Einsidlensis
586 3009 644 3071 178
678 3028 762 3072 saec.
784 3006 886 3092 IXlX.
937 3007 1048 3071 titulus
1078 3007 1183 3070 nullus
1213 3027 1319 3092 neque
1348 3009 1531 3072 nominatur
1559 3016 1680 3074 auctor.
1736 3010 1900 3095 specimen
1912 3024 1976 3078 Saso.
1987 3032 2007 3070 s.

245 3114 365 3199 sumpsi
387 3111 462 3176 inde
487 3132 507 3175 a
528 3109 704 3174 Iustiniana
727 3110 745 3173 I
767 3131 793 3176 c.
812 3113 884 3173 515.

348 3215 480 3281 Erreux
503 3236 533 3278 n.
551 3218 591 3278 60
615 3234 700 3278 saec.
717 3212 777 3295 XI,
801 3219 899 3278 antea
922 3213 1074 3278 abbatiae
1098 3213 1216 3300 Lyrae,
1241 3213 1262 3277 f.
1278 3218 1445 3279 45-136:
1470 3213 1548 3279 liber
1563 3214 1672 3280 Bedac
1695 3217 1733 3281 dc
1755 3216 1901 3296 turpari-

244 3321 311 3386 bus.
357 3321 522 3406 specimen
544 3319 631 3382 misit
652 3317 754 3381 Henr.
779 3316 909 3382 Omont.
1815 3311 1816 3314 ’

347 3424 552 3489 Florentinus
581 3421 818 3486 Laurentianus
841 3423 892 3504 20,
910 3425 968 3502 54,
1000 3441 1097 3506 quem
1125 3421 1188 3486 rol.
1210 3427 1222 3485 1
1254 3443 1286 3507 p.
1308 3425 1366 3487 158
1392 3423 1555 3504 enauari,
1581 3430 1617 3487 ut
1639 3423 1684 3487 ibi
1707 3420 1827 3487 dictum
1852 3429 1902 3486 est

244 3529 266 3592 f.
283 3533 323 3593 34
348 3528 407 3593 sub
429 3525 684 3613 praescriptione
707 3525 822 3606 incipit
844 3524 988 3588 chrouicc
1010 3524 1089 3588 liber
1110 3526 1249 3605 reposito
1265 3524 1340 3611 (sic)
1364 3546 1385 3588 a
1407 3531 1518 3590 saucio
1541 3525 1728 3590 Hieroaima
1751 3527 1901 3590 chronica

244 3632 378 3696 exhibet
402 3631 539 3695 conflata
562 3648 605 3693 ex
620 3628 884 3713 Hieronymianis
906 3626 1094 3693 Isidorianis
1118 3628 1274 3704 Radanis;
1297 3629 1453 3716 pleraque
1470 3629 1583 3694 Bedae
1601 3637 1673 3694 sunt
1697 3636 1730 3694 et
1753 3635 1900 3694 extrema

244 3736 351 3799 omnia
373 3735 506 3819 finitque
531 3732 715 3818 compilatio
739 3732 798 3796 sio:
823 3731 1057 3812 Liudpraadus
1078 3752 1135 3794 rea
1157 3731 1440 3814 Langobardorum
1462 3734 1614 3812 auduus,
1643 3719 1721 3814 pura
1745 3734 1902 3800 Saraceni

243 3838 485 3926 rlcpopulasscnt
512 3835 684 3912 Sardeaia,
716 3835 804 3899 misit
833 3841 863 3899 ct
893 3834 967 3899 tulit
998 3855 1070 3899 assa
1090 3835 1269 3917 Augustini
1302 3838 1440 3918 episcopi
1473 3843 1502 3901 ct
1534 3837 1700 3902 transtulit
1731 3857 1800 3901 cam
1828 3857 1900 3900 cum

242 3946 358 4010 houorc
394 3946 430 4008 iu
468 3941 607 4022 Papiam
645 3941 812 4004 civitatem.
878 3946 955 4004 suut
991 3945 1098 4004 autem
1140 3943 1222 4005 aurii
1261 3943 1301 4007 ab
1342 3944 1436 4006 initia
1477 3943 1590 4006 muudi
1627 3962 1726 4023 usquc
1762 3941 1807 4004 ad
1842 3941 1900 4004 ad-

242 4053 368 4112 veutum
390 4047 577 4110 dominicis
601 4032 925 4123 VCXCVctusquc
951 4044 1195 4124 adpersionem
1219 4033 1465 4110 VCCXXVII.
1517 4045 1707 4132 compilator
1737 4043 1899 4129 quomodo

242 4152 406 4236 inceptum
429 4149 613 4235 perfecerit,
636 4145 711 4210 inde
734 4147 916 4231 intelleges,
941 4145 1027 4232 quod
1049 4147 1108 4211 sub
1133 4147 1298 4213 Marciana
1322 4148 1364 4212 ad
1379 4147 1578 4213 Isidoriana:
1603 4148 1823 4212 Theudoricus
1844 4168 1901 4210 rea·

246 4254 501 4318 Gothorum
526 4252 681 4333 Spaniam
708 4251 794 4315 acuit
821 4249 968 4314 adiunxit
997 4251 1094 4316 haec:
1132 4251 1275 4316 Saxones
1303 4252 1529 4332 Brittonesquc
1558 4252 1710 4316 subvertit
1738 4257 1768 4316 ct
1797 4256 1900 4313 terras

242 4377 348 4421 aarum
370 4357 506 4420 vastavit
527 4357 613 4420 male
637 4357 812 4440 compilans
835 4354 979 4420 Badara.
1024 4357 1268 4441 interponuntur
1284 4358 1447 4442 excerptis
1475 4375 1572 4442 supra
1590 4356 1773 4419 memoratis
1788 4355 1899 4441 paucis

242 4461 321 4524 locis
345 4460 464 4524 aliena:

345 4564 405 4628 sub
429 4564 649 4628 Diocletiano:

448 4665 616 4730 Ianuarius
640 4668 812 4752 episcopus
835 4665 1088 4730 Beneventanae
1113 4667 1250 4732 civitatis
1273 4668 1426 4752 martyrio
1451 4673 1631 4730 coronatur.

345 4768 405 4833 sub
428 4768 585 4832 Arcadio:
942 4847 945 4853 Ι

448 4872 603 4938 Martinus
626 4874 798 4960 episcopus
820 4874 966 4938 moritur.

344 4977 403 5039 sub
426 4975 580 5040 Heraclio
604 4975 751 5040 adhibita
773 4976 916 5040 clausula
938 4976 1068 5040 Isidori:
1730 5039 1732 5046 ,

447 5079 500 5142 Ab
524 5080 613 5143 initio
637 5079 747 5146 mundi
769 5081 850 5145 fiunt
872 5081 947 5145 anni
969 5100 1071 5164 usque
1100 5079 1132 5142 in
1165 5079 1275 5164 quinto
1309 5099 1393 5141 anno
1417 5077 1533 5142 Eraclii
1558 5084 1592 5141 et
1615 5076 1786 5162 Dagiperti
1811 5080 1896 5163 regis

498 5183 693 5246 Francorum
711 5183 881 5247 undecimo
900 5184 967 5246 eius
983 5203 1066 5246 anno
1084 5170 1358 5246 VDCCCXXIII.
1401 5180 1571 5244 Hisidorus
1588 5183 1758 5266 opiscopus
1774 5182 1895 5246 claruit.

343 5287 402 5349 sub
425 5285 602 5350 Iustiniana
625 5287 747 5350 minore
770 5287 835 5350 filio
860 5285 1080 5351 Constantini:

448 5391 606 5454 Surorum
623 5391 699 5472 (sic)
723 5390 810 5454 Goth
835 5390 948 5454 doctor
971 5391 1182 5474 Guthpertus.

343 5494 402 5557 sub
427 5494 599 5558 Anastasio
622 5493 674 5556 II:

446 5594 684 5684 [Liudprandus
708 5599 773 5664 dux
796 5597 1100 5683 Langobardoruml
1126 5607 1158 5663 et
1182 5596 1321 5664 Karalus
1345 5617 1404 5658 rex
1429 5594 1636 5659 Francorum.

1639 5707 1689 5759 30*
