4554 6316
853 385 885 440 A.
905 385 1284 442 cxxxvln-occnxxu.
1833 393 1896 454 363

243 562 340 639 esset,
364 557 429 621 iarn
452 555 560 621 studia
582 558 686 642 magis
710 558 752 623 ad
775 559 1002 624 Ptolemaeum
1027 560 1160 645 eiusque
1177 566 1354 625 sectatores
1369 561 1486 626 reverti
1511 567 1544 625 et
1567 583 1678 627 corum
1702 583 1803 648 opera
1826 583 1896 626 cer-

242 662 334 725 tatim
357 660 496 734 describi
520 667 742 747 coeptarunt.
786 664 971 749 praeiverat
995 664 1091 750 paulo
1115 671 1191 728 ante
1214 662 1345 729 Manucl
1369 665 1609 750 Bryennius,
1638 667 1692 752 qui
1715 666 1897 731 tabularum

242 762 384 828 Theonis
407 785 526 829 norum
549 767 735 850 exemplum
759 786 887 831 curasse
912 773 946 832 et
968 766 1141 832 adnotasse
1165 766 1347 854 videtur¹);
1377 769 1510 834 memini
1537 770 1606 834 eius
1629 770 1767 854 vestigia
1790 789 1842 833 me
1865 769 1897 833 in

242 868 354 933 codice
370 869 587 934 Laurentiano
603 869 752 934 XXVIII
774 875 810 934 12
834 873 1020 959 conspicere
1038 872 1153 937 cadem
1170 872 1238 938 fere
1262 878 1371 938 aetate
1395 873 1523 958 scripto.
1570 893 1590 935 a
1605 872 1769 959 Bryennio
1786 872 1896 936 Theo-

243 972 340 1037 dorus
367 971 546 1038 Metcchita
579 975 794 1038 astronomiae
822 974 934 1040 studiis
961 977 1103 1041 initiatus
1133 982 1197 1058 est,
1229 977 1283 1062 qui
1314 977 1477 1041 elementa
1508 977 1725 1040 astronomiae
1755 975 1897 1040 nondum

244 1076 332 1142 edita
354 1078 490 1165 scripsit,
514 1099 597 1164 quae
621 1078 739 1145 tabulis
760 1101 825 1144 non
848 1085 960 1145 carent
970 1080 1011 1164 λ).

344 1181 502 1249 Mittimus
526 1183 722 1269 Byzantinos
744 1185 816 1248 illos
838 1190 1003 1269 postumos
1020 1175 1231 1269 codicirmquc
1255 1185 1297 1249 ab
1314 1185 1361 1248 cis
1380 1185 1572 1270 scriptorum
1587 1184 1725 1248 turbam.
1766 1190 1897 1269 praesto

244 1284 330 1348 enim
352 1285 446 1350 nobis
469 1291 542 1350 sunt
565 1286 628 1351 duo
652 1287 857 1352 venerandae
881 1289 1050 1353 vetustatis
1075 1287 1241 1372 exempla,
1265 1287 1351 1352 unde
1374 1287 1557 1352 tabularum
1581 1287 1765 1352 Ptolemaei
1788 1287 1897 1352 Theo-

242 1388 356 1473 nisque
383 1409 446 1453 non
473 1390 577 1454 solum
606 1392 709 1456 omnis
737 1393 893 1456 memoria
922 1391 1045 1478 pendet
1068 1391 1127 1456 sed
1150 1391 1248 1454 ctiam
1272 1391 1404 1455 historia
1426 1391 1623 1456 inlustratur.
1668 1391 1712 1456 ut
1733 1396 1896 1456 vetustate

244 1497 277 1554 st
299 1511 406 1556 rerum
423 1494 517 1579 copia
539 1501 684 1580 praestat
707 1497 833 1562 codex
854 1497 1035 1584 Lugduni
1059 1497 1306 1561 Batavorum
1329 1496 1362 1559 in
1378 1495 1576 1561 bibliotheca
1594 1497 1724 1582 publica
1741 1496 1898 1560 universi·

243 1596 319 1660 tatis
342 1596 530 1663 adservatus
552 1622 636 1665 nunc
652 1600 768 1668 Graec.
792 1625 822 1667 n.
837 1601 1025 1681 LXXVIII,
1048 1602 1081 1666 in
1104 1601 1255 1686 catalogo
1278 1600 1495 1665 bibliothecae
1519 1621 1547 1663 a.
1570 1604 1649 1665 1716
1674 1600 1762 1664 edito
1785 1621 1816 1686 p.
1835 1602 1897 1664 478

243 1699 327 1764 inter
352 1701 451 1766 libros
478 1725 635 1770 manuscr.
659 1707 831 1770 orientales
854 1707 974 1771 relatus
997 1728 1027 1769 n.
1048 1703 1223 1785 MDGOII,
1254 1704 1329 1768 olim
1353 1726 1382 1768 n.
1401 1703 1604 1783 CLXXXII,
1636 1704 1774 1768 aGolio
1799 1703 1899 1768 OPoli

245 1811 372 1891 emptus
394 1804 464 1891 (L).
509 1809 645 1894 scriptus
668 1810 771 1874 estin
794 1810 983 1875 membrana
1006 1810 1161 1875 crassiore
1185 1814 1219 1873 et
1240 1810 1437 1873 flavescente
1460 1809 1575 1872 litteris
1598 1808 1793 1889 maiusculis,
1818 1829 1898 1892 quas

243 1909 387 1974 unciales
413 1918 544 1994 vocant,
572 1912 659 1978 haud
688 1915 831 1979 inficetis.
882 1919 1007 1980 constat
1038 1935 1122 1978 nunc
1153 1911 1281 1977 schedis
1309 1911 1450 1976 CLXIII
1483 1910 1541 1975 sed
1575 1911 1622 1975 eis
1656 1932 1720 1975 non
1751 1910 1899 1975 omnibus

244 2013 391 2098 antiquis.
436 2035 554 2102 nempe
577 2019 696 2083 vetusti
725 2020 867 2105 exempli
889 2018 984 2083 valde
1014 2017 1151 2082 mutilati
1183 2017 1335 2102 reliquias
1358 2017 1406 2080 vir
1438 2014 1551 2080 doctus
1574 2014 1695 2079 sacculi
1717 2014 1799 2078 XIV
1823 2035 1898 2100 sup-

242 2116 493 2202 praeinsertis
516 2119 605 2184 ιιι.
630 2125 680 2188 ιο.
704 2126 754 2188 ει.
778 2127 828 2187 aa.
851 2127 902 2188 cc.
931 2127 998 2187 τοι.
1029 2125 1205 2188 ros-tac.
1235 2125 1302 2185 ιιι.
1331 2123 1400 2185 rac.
1429 2123 1498 2184 130.
1529 2122 1597 2184 ιιι.
1626 2116 1724 2203 147³)
1747 2117 1899 2204 idemque

244 2221 400 2305 praeponi
421 2221 513 2286 iussit
534 2223 677 2288 Theonis
700 2224 740 2290 de
763 2225 813 2290 his
835 2226 953 2290 tabulis
976 2226 1281 2290 commentationem
1304 2223 1488 2288 breviorem
1510 2222 1531 2285 1.
1550 2226 1677 2286 3-49‘.
1722 2227 1896 2307 practerea

244 2324 392 2389 manibus
413 2327 648 2392 recentioribus
670 2329 692 2393 f.
712 2319 849 2393 lev-51
878 2336 912 2395 ct
939 2333 1138 2411 roa-155⁴)
1163 2328 1332 2394 debentur.
1378 2328 1536 2392 vetustior
1565 2349 1640 2413 pars
1664 2347 1727 2412 quc
1751 2333 1899 2412 tempore

246 2434 316 2492 orta
338 2429 392 2510 sit,
423 2435 571 2495 extremo
594 2433 825 2519 imperatorum
847 2433 1069 2499 Romanorum
1091 2434 1248 2498 laterculo
1272 2432 1293 2496 f.
1311 2435 1368 2496 65⁷
1392 2438 1481 2496 certa
1505 2436 1635 2496 exstant
1656 2429 1784 2495 indicia.
1830 2429 1899 2494 eius

245 2532 331 2596 enim
352 2533 454 2617 partis
475 2533 624 2599 librarius
639 2536 808 2602 Michaelis
825 2538 944 2624 filiique
961 2539 1097 2624 imperio
1112 2536 1253 2601 indicato
1270 2537 1426 2622 annisque
1442 2537 1534 2622 regni
1550 2535 1731 2621 supputatis
1747 2534 1899 2599 substitit.

245 2637 374 2700 saeculo
398 2637 466 2702 iere
490 2638 602 2724 elapso
618 2641 754 2706 accessit
777 2643 831 2728 qui
852 2643 991 2707 indicem
1007 2643 1210 2707 continuaret
1225 2641 1382 2726 scriptura
1398 2640 1560 2704 simillima
1577 2640 1607 2703 ei
1623 2659 1700 2702 usus
1716 2659 1780 2724 qua
1795 2636 1901 2702 codex

247 2739 466 2826 Anthologiae
497 2742 664 2808 Palatinus
695 2746 885 2831 conspicuus
917 2752 967 2810 est
995 2751 1028 2810 et
1049 2745 1237 2832 perscriptis
1259 2745 1492 2830 Imperatorum
1512 2742 1588 2807 inde
1613 2763 1633 2806 a
1655 2742 1768 2806 Lconc
1784 2741 1815 2805 V
1838 2740 1901 2807 Ar·

247 2845 355 2909 monio
378 2865 480 2932 usque
505 2846 547 2911 ad
571 2847 795 2913 Alexandrum
817 2849 937 2914 Leonis
952 2849 1002 2914 VI
1025 2849 1157 2914 fratrem
1180 2848 1363 2912 nominibus
1387 2854 1421 2912 et
1452 2848 1543 2911 annis
1568 2847 1779 2932 subiungeret
1802 2846 1903 2911 verba

242 2951 522 3030 Κωνσιαντ(ῖνος)
545 2946 651 3033 υ(1ὸ)ς
672 2950 850 3035 Λέοντ(ος)
873 2949 931 3017 σὺν
952 2951 995 3040 τῆ
1016 2948 1146 3038 μ(ητ)ρί
1177 2952 1319 3016 numeris
1348 2950 1490 3015 nondum
1514 2950 1642 3014 additis.
1688 2950 1787 3036 igitur
1808 2956 1902 3014 vetus

245 3051 427 3116 tabularum
450 3053 556 3119 codex
579 3057 714 3142 scriptus
738 3061 788 3121 est
816 3056 874 3120 sub
901 3057 1037 3142 imperio
1059 3055 1180 3120 Leonis
1197 3055 1229 3119 V
1252 3053 1398 3119 Armenii
1427 3055 1459 3120 h.
1483 3074 1511 3119 c.
1540 3056 1626 3120 inter
1658 3075 1759 3119 annos
1782 3057 1844 3119 813
1869 3059 1902 3134 (a

245 3155 275 3220 d.
292 3156 325 3221 X
346 3178 388 3221 m.
411 3158 481 3242 iul.)
512 3165 546 3224 ct
576 3162 639 3225 820
668 3182 731 3247 quo
760 3167 910 3226 extremo
941 3161 1011 3226 Leo
1035 3161 1157 3226 occisus
1181 3167 1247 3240 ost,
1271 3161 1474 3225 continuatus
1504 3160 1581 3244 imp.
1608 3157 1817 3222 Constantino
1836 3157 1903 3222 VII

245 3260 559 3348 Porphyrogenncta
581 3285 683 3350 puero
706 3266 791 3330 inter
812 3287 841 3331 a.
859 3269 921 3330 913
946 3271 980 3330 et
1002 3269 1076 3331 920.
1122 3265 1185 3329 duo
1215 3285 1317 3350 regna
1348 3270 1464 3350 postea
1492 3263 1606 3327 tertius
1634 3261 1783 3326 librarius
1807 3262 1903 3326 simili

245 3387 342 3432 manu
364 3367 524 3453 adposuit,
548 3389 611 3455 quo
635 3376 782 3457 tempore
807 3369 991 3458 Stephanus
1014 3377 1047 3434 et
1070 3368 1298 3435 Constantinus
1322 3368 1463 3433 Romani
1486 3367 1542 3432 filii
1565 3387 1630 3430 una
1653 3386 1725 3430 curn
1742 3363 1901 3430 Constan-

246 3471 312 3534 tino
327 3470 394 3535 VII
415 3471 631 3558 imperabant,
655 3475 675 3540 i.
692 3496 721 3540 e.
736 3475 821 3539 inter
843 3473 873 3538 d.
888 3473 955 3538 XX
978 3495 1019 3540 m.
1038 3473 1107 3539 dec.
1124 3495 1153 3538 a.
1170 3477 1232 3537 944
1261 3479 1294 3538 et
1317 3473 1348 3539 d.
1364 3471 1496 3536 XXVII
1513 3491 1555 3537 m.
1570 3471 1634 3534 ian.
1653 3473 1726 3534 945.
1771 3468 1902 3534 Veteris

247 3574 320 3638 libri
344 3577 524 3641 accuratius
547 3576 752 3643 describendi
776 3579 875 3643 otium
899 3579 976 3642 mihi
999 3578 1076 3644 iecit
1098 3577 1261 3642 Iohannes
1284 3598 1347 3642 van
1371 3576 1429 3641 der
1450 3575 1571 3662 Hagen
1587 3572 1901 3638 Amstelodamensis

247 3677 518 3745 Observationum
541 3683 574 3745 in
597 3682 740 3749 Theonis
767 3683 867 3748 fastos
891 3704 1026 3769 graccos
1058 3684 1182 3769 priores
1211 3681 1621 3747 Amstelaedamia.1735
1645 3679 1714 3742 sine
1737 3679 1902 3764 scriptoris

245 3783 375 3847 nomine
400 3783 557 3849 editarum
581 3806 612 3871 p.
629 3789 772 3852 313-8:
797 3787 850 3872 qui
875 3807 958 3873 quae
982 3785 1023 3851 de
1047 3786 1232 3851 tabularum
1258 3785 1458 3870 argumentis
1480 3784 1623 3850 breviter
1638 3783 1761 3848 indicat
1776 3783 1901 3877 Iacilins

245 3887 417 3973 intelleget
432 3889 486 3973 qui
502 3889 597 3953 simul
608 3889 749 3954 Halmae
767 3889 943 3955 editionem
958 3910 1055 3975 supra
1070 3910 1102 3975 p.
1113 3893 1213 3970 360,4
1231 3895 1444 3953 memoratam
1460 3889 1648 3975 Inspexerit.
1673 3890 1774 3954 semel
1790 3893 1902 3954 tamen

245 4011 362 4056 moneo
386 3991 559 4078 Hagenum
583 3994 686 4058 virum
717 3995 862 4080 quamvis
890 4000 1074 4060 accuratum
1105 3999 1139 4058 et
1162 3994 1431 4080 circumspectum
1457 4000 1566 4058 tamen
1589 3992 1753 4058 codicibus
1776 3993 1902 4078 graecis

353 4199 373 4264 ι)
392 4203 423 4252 Ιιι
441 4202 528 4255 codice
546 4204 628 4255 Paris.
647 4221 685 4270 gr.
695 4201 763 4256 2394
781 4219 872 4271 ragom
895 4205 1000 4256 tabulas
1022 4205 1071 4255 hoc
1095 4203 1211 4256 scholion
1230 4203 1386 4255 adscribitur
1408 4203 1440 4254 ab
1463 4203 1559 4254 Halma
1580 4203 1748 4270 Otroaolcpie
1766 4203 1798 4254 dc
1816 4203 1901 4255 Ptole-

245 4284 299 4336 mdc
317 4285 385 4344 (Par.
399 4285 476 4352 1819)
495 4307 519 4357 p.
534 4287 566 4341 12
584 4291 681 4341 editum
696 4283 796 4341 Ἰστέον
813 4284 856 4341 ὅτι
874 4283 930 4340 dut
955 4288 1005 4341 rori
1027 4283 1111 4357 Ἀδδμ
1128 4286 1212 4357 μέχρι
1237 4288 1285 4340 τοῦ
1304 4295 1324 4338 α
1342 4284 1384 4339 ἐπί
1404 4287 1451 4354 τῆς
1467 4284 1606 4354 βασιλείας
1624 4285 1837 4354 Ναβονασστίρου
1855 4284 1902 4355 ἔτη

245 4357 331 4440 W
347 4369 391 4423 καί
406 4371 507 4441 ἡμέραι
522 4360 564 4443 ὦ,
582 4374 666 4443 μέχρι
684 4373 714 4426 δὲ
727 4371 901 4447 Ἀλεξάνδρου
920 4373 1045 4442 τελευτῆς
1062 4361 1143 4444 ff.
1179 4371 1210 4426 τδ
1230 4375 1279 4426 τοῦ
1299 4373 1432 4442 Βρυέννου
1449 4374 1497 4436 (sic
1515 4374 1561 4440 II.)
1579 4373 1682 4440 βιβλίον
1700 4359 1775 4442 εἶχεν
1793 4371 1827 4426 ui
1845 4368 1901 4425 α’πδ

243 4453 328 4526 ’Λδιίμ
347 4454 412 4529 ἄχρι
430 4460 477 4526 τῆς
495 4460 619 4529 τελευτῆς
635 4457 810 4532 Ἀλεξάνδρου
828 4458 875 4528 ἔτη
893 4448 959 4530 {mar
977 4464 1057 4530 igitur
1073 4465 1114 4514 Br.
1128 4479 1210 4513 annos
1229 4462 1318 4512 mundi
1331 4477 1382 4512 non
1396 4462 1537 4512 secundum
1550 4460 1684 4528 vulgarem
1699 4463 1901 4528 Byzantinorum

246 4563 323 4598 usum
347 4547 391 4600 sed
416 4549 559 4600 secundum
583 4550 784 4602 ecclesiasticum
809 4551 852 4614 (ci.
872 4551 1003 4600 Maximus
1028 4550 1054 4600 in
1077 4549 1178 4600 Patavii
1196 4548 1354 4614 Vranologio
1379 4564 1402 4614 p.
1415 4545 1493 4608 stab)
1518 4549 1684 4614 computavit.
1725 4549 1756 4598 de
1779 4549 1900 4614 Brysnnii

246 4639 332 4684 aetate
349 4634 382 4684 ci.
401 4635 596 4687 Maximilianus
613 4637 683 4686 Tren
701 4636 734 4688 ad
752 4637 861 4686 Maximi
875 4635 999 4687 Planudis
1017 4634 1139 4700 epistolas
1157 4651 1182 4700 p.
1196 4631 1305 4698 uuam,
1324 4633 1355 4684 de
1373 4632 1429 4684 eius
1448 4634 1540 4684 studiis
1558 4641 1661 4685 exstant
1677 4633 1820 4685 testimonia
1834 4635 1901 4686 Can-

246 4721 364 4771 taouaeni
381 4721 440 4772 hist.
458 4724 501 4773 tl
520 4739 544 4788 p.
557 4720 591 4774 55
608 4724 689 4773 Bonn.
709 4730 735 4774 et
752 4723 880 4775 Theodori
898 4723 1054 4775 Motoohitae
1072 4721 1100 4771 in
1118 4722 1146 4771 C.
1160 4719 1255 4772 dathae
1268 4720 1426 4770 Bibliotheca
1443 4735 1538 4785 graeca
1556 4720 1633 4770 medii
1650 4721 1708 4771 aevi
1727 4722 1770 4771 tl
1789 4738 1812 4788 p.
1826 4717 1849 4790 ρ’
1862 4737 1899 4787 sq.

247 4805 270 4870 ²)
289 4807 436 4870 hietochita,
456 4813 485 4858 ut
502 4809 557 4873 ipsa
575 4808 592 4858 l.
606 4826 626 4860 a.
645 4826 669 4876 p.
682 4805 722 4875 ρβ
740 4810 830 4872 tradit,
853 4824 935 4861 annos
953 4808 1040 4858 XLIII
1062 4813 1140 4858 natus
1164 4806 1323 4872 Brysnninm
1347 4805 1469 4866 adscivit,
1488 4821 1504 4856 a
1523 4822 1575 4870 quo
1601 4813 1658 4872 post
1675 4806 1821 4858 rudimenta
1839 4809 1901 4872 qnid

246 4892 370 4956 didicerit,
389 4893 459 4944 hisce
477 4895 562 4945 vsrbis
585 4901 708 4946 testatur:
736 4887 901 4946 τούντεῦθεν
927 4890 957 4944 δὲ
982 4891 1095 4944 τοσοῦτο
1122 4889 1212 4960 μόνον
1236 4885 1310 4962 crispi
1334 4887 1579 4959 προσχρησάμενος
1601 4887 1668 4941 ὅσον
1691 4888 1739 4947 τοῖς
1756 4889 1787 4941 ἐν
1804 4890 1906 4959 βραχεῖ

246 4974 338 5046 βιβλίῳ
356 4975 519 5048 προχείρους
536 4977 682 5037 νανονικιίς
700 4980 749 5032 τοῦ
761 4980 865 5038 Θέωνος
881 4977 1017 5037 διατάξεις
1036 4980 1135 5048 (aperte
1152 4980 1364 5032 commentarium
1383 4979 1526 5030 breviorem
1539 4979 1609 5041 dicit,
1628 4995 1680 5028 non
1697 4979 1768 5044 ipsas
1786 4979 1900 5044 tabulas)

247 5061 299 5116 σδν
317 5058 392 5134 crispi
409 5061 530 5116 διελθεῖν
547 5061 632 5117 ἔπειτ’
648 5062 730 5124 ἔδοξα
748 5064 844 5116 λοιπδν
862 5065 973 5137 ἐμαυτῷ
984 5065 1108 5137 χρῆσθαι
1122 5063 1178 5116 κτλ.
1221 5066 1356 5116 Librorum
1369 5067 1406 5115 111
1424 5082 1489 5131 quos
1506 5065 1608 5131 scripsit
1627 5057 1826 5131 ιίστρονομικῆς
1842 5067 1903 5116 κατ’

247 5147 381 5219 ἐπιτομήν
403 5149 599 5219 στοιχειώσεως
622 5154 714 5205 saltem
736 5155 845 5206 indicem
864 5155 906 5206 l.I
924 5155 1038 5220 capitum
1057 5154 1218 5205 Suthule.
1238 5149 1392 5221 p.pta'sqq.
1412 5159 1438 5202 et
1462 5153 1621 5218 prooemium
1646 5169 1669 5219 p.
1688 5147 1730 5201 πε’
1739 5168 1795 5216 sqq.
1813 5153 1900 5204 edidit.

248 5238 270 5302 ⁸)
288 5239 408 5290 Codicem
426 5240 540 5292 lacerum
562 5241 606 5306 qui
630 5240 770 5308 supplevit,
793 5239 910 5307 exemplo
932 5246 1019 5291 vetera
1036 5240 1213 5292 Laurentiano
1230 5240 1344 5290 XXVIII
1359 5235 1394 5289 26
1417 5255 1494 5288 usum
1516 5253 1573 5289 esse
1596 5238 1664 5288 inira
1686 5255 1711 5303 p.
1724 5234 1774 5287 361
1793 5238 1901 5288 videbis.

248 5325 270 5390 ⁴)
289 5327 403 5378 Schedoe
415 5328 451 5377 Vl
469 5328 608 5379 continuas
626 5330 643 5379 1.
658 5324 791 5379 156-161
811 5343 844 5378 cx
855 5333 957 5378 vetusto
969 5327 1086 5394 exemplo
1098 5326 1273 5379 commentarii
1287 5325 1412 5377 brevioris
1423 5325 1568 5377 Theoniani
1581 5323 1616 5390 (v.
1630 5341 1652 5391 p.
1664 5321 1725 5386 360)
1743 5324 1813 5376 solae
1825 5325 1901 5376 relin-

246 5421 373 5480 quuntur;
392 5415 524 5466 continent
540 5431 596 5481 cap.
609 5416 658 5465 XX
677 5407 739 5481 περὶ
758 5407 946 5464 consternat
964 5409 1144 5479 πανσελήνων
1160 5413 1220 5464 inde
1235 5431 1252 5464 a
1271 5431 1296 5463 v.
1317 5427 1348 5462 το
1366 5425 1461 5478 ημισοι
1479 5411 1538 5476 (sic)
1558 5427 1606 5461 του
1623 5408 1745 5475 ain-tour
1763 5409 1799 5477 (p.
1812 5407 1901 5489 'IL—14

247 5497 344 5564 Halm.)
363 5502 496 5566 usquead
518 5502 596 5552 finem
616 5497 685 5567 p.84
703 5502 738 5552 Η.
767 5502 835 5552 Ante
848 5506 996 5566 computum
1010 5497 1069 5550 m.I
1087 5499 1239 5566 interposuit
1256 5501 1274 5550 f.
1289 5496 1351 5550 1611
1368 5499 1439 5550 haec
1475 5513 1547 5564 ορων
1565 5496 1593 5562 (l.
1607 5494 1696 5564 aipein)
1716 5512 1840 5564 ονοματα
1858 5495 1899 5562 ιβ)

247 5603 264 5634 α
283 5585 377 5653 λαμπρ
395 5591 412 5651 β
430 5583 533 5644 αλεξιδι
549 5603 569 5652 γ
587 5589 699 5654 reporta
716 5583 736 5636 δ
751 5603 842 5653 paroc
859 5583 862 5652 )
877 5602 891 5636 ε
909 5590 988 5653 ερεβη
1007 5601 1022 5642 ς
1040 5582 1148 5652 διαυγις
1165 5585 1180 5644 ζ
1197 5601 1287 5656 προκα
1305 5602 1322 5650 η
1340 5601 1439 5652 πανφη
1453 5582 1491 5650 ld
1508 5581 1595 5634 λοιτια
1614 5599 1622 5633 ι
1641 5599 1772 5650 πορφυρα
1785 5599 1813 5632 ια
1825 5599 1901 5650 παμ-

247 5675 324 5740 φουθ
342 5677 368 5737 ιβ
386 5689 486 5743 τυρφη.
522 5689 589 5739 quas
607 5674 761 5742 explicanda
778 5673 942 5741 peritioribus
960 5673 1085 5740 relinquo.

350 5783 480 5821 canonias
498 5783 533 5821 ιιι.
1659 5761 1694 5814 47
