4634 6286
408 357 468 419 126
1025 353 1199 412 HISTORIA
1218 355 1438 411 BlIlT'l'ONVll

403 480 569 592 sedecim,
593 518 737 577 correcto
759 530 784 574 a
804 511 837 574 in
861 516 887 592 t,
917 511 995 574 inL
1023 517 1143 596 puncto
1176 514 1326 598 neglecto
1357 518 1407 576 est
1435 513 1654 595 contegimus,
1688 513 1767 580 item
1794 537 1826 602 p.
1846 520 1950 598 teat
1986 540 2061 586 cum

764 596 863 644 fratcre!
876 599 916 636 loc
928 608 990 636 neers
1003 608 1106 646 mapsam

403 646 435 710 in
456 646 484 711 0
502 647 545 711 sit
571 668 642 712 cum
669 649 898 728 traaaaeqriais
924 648 1139 726 mirabilibus,
1167 649 1223 713 ubi
1253 650 1389 736 scriptor
1415 649 1493 714 darc
1523 651 1624 715 voluit
1652 672 1724 715 cam
1751 651 1974 733 tramfretcret
2003 656 2063 720 boc

402 770 491 814 mare
512 771 663 834 mum
685 773 757 816 cum
781 751 1009 816 transmarinis
1030 751 1239 834 mirabilibus,
1257 750 1315 816 sed
1331 751 1432 816 verba
1454 773 1527 817 cam
1548 754 1776 819 transamrim's
1798 757 1914 841 partim
1937 757 2061 823 addere

404 854 522 918 oblitus
545 862 609 937 est,
632 857 750 942 partlm
773 876 882 921 errore
905 854 1041 938 induxit,
1064 853 1186 919 indeL
1209 854 1319 919 effecit
1341 876 1413 920 cam
1436 855 1658 937 transfretaret
1678 877 1767 922 asara
1787 879 1937 941 mam
1959 863 2060 927 mira·

404 957 526 1022 bilibus.
572 979 593 1022 a
614 960 746 1046 propria
768 959 1017 1046 interpolatione
1041 958 1207 1023 codicisL
1228 958 1377 1023 librarius
1406 959 1439 1022 in
1461 959 1645 1024 universum
1668 961 1824 1044 abstinet,
1847 962 1906 1027 sed
1930 965 2063 1050 propria

402 1062 503 1126 habet
534 1068 568 1126 et
596 1064 832 1149 praefationem
859 1063 1001 1149 priorem
1029 1068 1063 1126 at
1091 1061 1231 1127 indicem
1254 1063 1467 1149 capitulomm
1491 1069 1525 1126 ot
1548 1069 1734 1149 computum
1761 1065 1866 1148 illum,
1890 1087 1973 1152 quae
1999 1067 2062 1131 hoc

402 1167 474 1231 loco
502 1167 624 1252 placuit
647 1167 812 1232 exhibere.
841 1205 882 1213 —
914 1166 968 1230 Ad
989 1167 1226 1253 praefationem
1256 1187 1329 1231 eam
1358 1166 1528 1231 adnotabis
1555 1187 1599 1230 ex
1624 1167 1826 1252 praefatione
1858 1170 1961 1234 altera
1982 1191 2062 1234 vere

401 1270 573 1335 Nanniana
601 1269 647 1358 (p.
673 1270 747 1357 143)
776 1270 877 1336 verba
906 1291 990 1357 quae
1022 1276 1097 1356 post
1130 1277 1312 1336 soractae-am
1339 1276 1475 1352 potrum
1503 1277 1693 1356 sequuntur:
1729 1271 1765 1335 ia
1796 1278 1842 1336 est
1875 1273 2064 1356 Hieronymi

402 1374 535 1439 Etesebii
564 1375 685 1440 isidori
711 1374 862 1459 Prosper
887 1375 920 1439 in
949 1373 1105 1440 codiceL
1128 1375 1247 1439 omissa
1276 1394 1365 1456 esse,
1401 1374 1523 1439 scilicet
1554 1380 1591 1438 ut
1620 1375 1659 1438 iis
1692 1374 1948 1441 additamentum
1981 1377 2064 1442 illud

403 1484 581 1542 ornaretur.
616 1516 658 1526 —
694 1477 800 1544 Index
833 1479 1045 1564 capitulorum
1078 1479 1139 1544 etsi
1170 1480 1203 1542 in
1228 1477 1256 1544 0
1282 1499 1347 1543 non
1379 1479 1553 1564 reperitur,
1589 1480 1714 1543 numeri
1743 1501 1802 1566 per
1834 1480 1952 1546 librum
1985 1502 2062 1546 eum

403 1580 502 1645 iidem
530 1581 665 1663 adsunt,
695 1583 755 1647 nisi
784 1582 871 1667 quod
901 1583 1008 1669 capita
1035 1589 1184 1647 numerat
1214 1604 1279 1647 non
1311 1582 1502 1665 LXXXVI,
1532 1581 1591 1647 sed
1611 1581 1771 1646 LXXXV
1795 1590 1941 1648 extremo
1970 1592 2061 1648 recte

298 1771 300 1778 ,
405 1685 540 1759 omisso;
572 1706 647 1750 nam
674 1686 821 1751 laterculi
849 1687 895 1751 illi
925 1688 986 1750 etsi
1016 1693 1050 1751 et
1077 1688 1139 1774 ipsi
1167 1694 1240 1752 sunt
1268 1689 1301 1752 in
1327 1687 1368 1770 0,
1397 1709 1461 1751 non
1490 1687 1533 1751 ad
1562 1687 1625 1751 hoc
1653 1707 1769 1772 corpus
1797 1687 1842 1752 ibi
1869 1690 2061 1754 referuntur.

405 1788 435 1851 L
456 1789 489 1851 in
518 1809 652 1874 corpore
676 1811 826 1854 numeros
849 1789 1036 1855 adscribens
1057 1793 1206 1877 pervenit
1227 1791 1271 1855 ad
1285 1790 1481 1856 LXXXVII
1504 1791 1662 1876 capitibus
1686 1790 1811 1855 duobus
1834 1793 2003 1879 bipartitis.
2019 1829 2062 1840 -

405 1889 599 1978 Oomputum
628 1892 802 1960 deductim
829 1893 871 1958 ad
901 1915 930 1957 a.
951 1914 983 1980 p.
1008 1892 1083 1960 chr.
1106 1897 1169 1959 919
1201 1892 1301 1980 (5189
1327 1897 1362 1979 l»
1387 1897 1450 1958 919
1475 1925 1515 1948 =
1539 1893 1640 1980 6108)
1669 1901 1799 1959 auctum
1830 1917 1901 1960 esse
1925 1896 1966 1960 ab
1989 1897 2062 1981 ipso

404 1995 535 2060 librario
565 2018 605 2061 eo
632 2001 741 2084 magis·
763 1998 933 2085 probabile
967 2005 1032 2080 est,
1064 1996 1151 2084 quod
1181 1999 1234 2083 qui
1263 1999 1297 2063 in
1321 2018 1360 2062 eo
1385 1998 1557 2084 adlegatur
1577 1997 1739 2063 Henricus
1761 1999 2062 2085 Huntingdonensis

405 2098 485 2163 obiit
506 2120 534 2162 a.
555 2106 646 2164 1155.

666 2294 690 2354 1.
723 2289 949 2355 PREFATIO
972 2289 1130 2354 NENNII
1153 2289 1390 2354 BRITONVM
1413 2290 1805 2357 HISTORIOSRAPHI

956 2394 1004 2458 IN
1027 2392 1245 2458 HISTORIA
1267 2393 1511 2459 BRITONVM.

449 2531 588 2597 Humilis
611 2553 776 2598 servorum
801 2533 919 2599 Christi
942 2534 1087 2598 minister
1111 2540 1145 2598 et
1168 2554 1279 2598 servus
1294 2532 1442 2598 Nennius
1465 2529 1524 2598 dai
1541 2533 1647 2618 gratia
1669 2534 1770 2598 sancti
1785 2532 1895 2599 Illboti
1918 2533 2061 2622 discipu-

535 2638 585 2701 lus
609 2639 729 2702 cunctis
751 2639 895 2703 veritatis
919 2637 1162 2704 obauditoribus
1185 2639 1332 2702 salutem.

452 2739 588 2804 Vestrae
616 2743 793 2806 situatum
824 2743 964 2826 caritati,
995 2742 1082 2829 quod
1111 2763 1183 2807 cum
1210 2742 1298 2807 rudis
1327 2763 1415 2806 eram
1446 2743 1577 2827 ingenio
1609 2747 1642 2806 et
1662 2742 1765 2806 idiota
1787 2761 1952 2823 sermone,
1976 2743 2060 2808 haec

537 2863 595 2927 pro
622 2845 752 2910 modulo
783 2866 872 2928 meo,
900 2867 964 2910 non
994 2847 1145 2932 propriae
1175 2847 1280 2910 nitens
1308 2846 1479 2926 scientiae,
1509 2866 1593 2931 quae
1616 2846 1668 2910 vel
1696 2845 1784 2909 nulla
1806 2846 1858 2909 vel
1882 2845 2058 2910 admodum

536 2967 608 3010 rara
632 2955 665 3012 et
687 2951 779 3014 exilis
800 2957 859 3032 est,
875 2950 1063 3014 Latinorum
1080 2950 1210 3014 auribus
1224 2949 1474 3014 idiomatizando
1493 2949 1621 3014 tradere
1638 2951 1848 3036 praesumpsi,
1866 2949 1925 3014 sed
1939 2951 2059 3036 partim

535 3050 691 3116 maiomm
715 3053 948 3136 traditionibus,
971 3055 1089 3140 partim
1112 3054 1248 3139 scriptis,
1271 3054 1389 3139 partim
1414 3054 1512 3117 etiam
1535 3054 1741 3118 monimentis
1764 3061 1912 3118 veterum
1929 3052 2060 3119 Britan-

535 3154 607 3218 niae
631 3157 818 3239 incolarum,
841 3158 958 3244 partim
981 3163 1014 3221 et
1037 3156 1078 3222 de
1102 3157 1270 3221 annalibus
1286 3155 1519 3240 Romanorum,
1541 3159 1674 3244 insuper
1697 3164 1731 3222 et
1750 3157 1790 3221 de
1808 3159 1941 3222 cronicis
1965 3179 2059 3223 sanc-

536 3264 640 3324 torum
656 3269 793 3347 patrum,
808 3261 934 3349 Isydori
957 3261 1088 3343 scilicet,
1104 3261 1278 3347 leronymi,
1299 3261 1462 3348 Prosperi,
1478 3261 1613 3326 Eusebii
1635 3283 1695 3326 nec
1717 3282 1781 3325 non
1805 3267 1838 3326 et
1862 3260 1902 3325 de
1919 3262 2061 3326 historiis

535 3361 717 3430 Scottorum
741 3365 972 3450 Senonumque
995 3366 1073 3430 licet
1094 3365 1298 3429 inimicorum
1320 3387 1386 3428 nou
1408 3371 1444 3429 ut
1466 3366 1563 3446 volui,
1587 3365 1646 3429 sed
1667 3371 1703 3429 ut
1719 3367 1821 3450 potui,
1837 3387 1982 3431 meorum
2000 3367 2059 3431 ob-

535 3475 719 3554 temperans
741 3470 935 3535 iussionibus
959 3469 1131 3550 seniorum,
1153 3489 1251 3532 unam
1267 3469 1350 3533 hanc
1365 3468 1630 3533 historiunculam
1646 3468 1871 3554 undecumque
1890 3469 2062 3535 collectam

535 3571 744 3637 balbutiendo
769 3575 976 3655 coacervavi,
1006 3578 1040 3636 et
1070 3561 1276 3636 remanentes
1300 3574 1405 3658 spicas
1429 3579 1558 3637 actuum
1580 3573 1841 3657 praeteritorum,
1866 3595 1906 3638 ne
1929 3575 2060 3660 penitus

535 3676 678 3740 calcatae
702 3675 897 3763 deperirent,
922 3697 1057 3761 quarum
1079 3677 1188 3762 ampla
1212 3697 1309 3761 seges
1332 3675 1495 3762 quondam
1520 3682 1747 3741 extranearum
1767 3678 1912 3762 gentium
1935 3679 2061 3743 infestis

535 3781 730 3845 messoribus
762 3783 898 3867 sparsim
928 3786 1103 3866 praerepta
1134 3787 1199 3862 ast,
1227 3787 1431 3866 posterorum
1462 3781 1637 3846 memoriae
1666 3779 1873 3867 pudibundus
1904 3781 2061 3847 mandare

535 3885 651 3950 curavi.
696 3886 816 3970 quippe
839 3884 947 3949 multis
971 3885 1130 3966 obnoxiis,
1155 3884 1279 3970 quivis
1296 3885 1432 3949 aliorum
1456 3883 1629 3949 dictamina
1652 3885 1820 3970 superficie
1843 3893 1946 3968 tanus,
1961 3893 2059 3972 prout

534 3989 612 4054 utile
636 3997 732 4072 esset,
755 3990 938 4074 intelligere
960 3987 1126 4074 hucusque
1151 3987 1327 4073 quiveram,
1350 3987 1470 4052 nedum
1491 3990 1621 4075 propria
1635 3988 1788 4055 incudere
1804 3991 1976 4072 sufficiens,
2000 3988 2059 4055 sed

536 4092 625 4156 velut
647 4092 804 4158 barbarus
827 4093 963 4156 alicmm
985 4093 1131 4176 linguam
1152 4091 1331 4177 infringens
1354 4099 1478 4157 temere
1502 4091 1735 4158 commendavi.

449 4196 604 4261 Attamen
627 4198 789 4262 internum
814 4197 926 4262 vulnus
950 4198 1069 4262 circum
1084 4195 1276 4282 praecordia
1291 4197 1425 4261 volvens
1448 4216 1547 4282 aegre
1565 4197 1722 4278 ferebam,
1746 4197 1771 4259 si
1788 4197 1938 4282 propriae
1954 4196 2061 4280 gentis

535 4321 667 4384 nomen,
696 4300 859 4388 quondam
887 4301 1046 4365 famosum
1075 4307 1108 4364 st
1136 4301 1279 4386 insigne,
1309 4301 1470 4365 oblivione
1501 4320 1649 4364 aurosum
1672 4301 1818 4364 fumatim
1841 4305 2062 4365 evanesceret.

537 4403 595 4469 sed
619 4407 771 4492 quoniam
793 4412 967 4492 utcumque
991 4404 1265 4491 historigraphum
1288 4402 1518 4470 Britannorum
1545 4425 1598 4468 me
1628 4405 1714 4468 malo
1745 4424 1816 4468 esse
1840 4425 1935 4491 quam
1958 4405 2061 4467 nemi-

535 4529 620 4590 nem,
643 4510 790 4594 quamvis
813 4508 896 4574 adeo
918 4509 1029 4594 plures
1051 4509 1273 4592 inveniantur,
1297 4509 1351 4593 qui
1373 4510 1458 4573 hunc
1485 4507 1632 4572 laborem
1662 4508 1741 4572 mihi
1762 4509 1938 4573 iniunctum
1961 4509 2062 4571 satius

538 4613 671 4698 explere
702 4619 869 4699 poterant,
902 4613 1087 4698 relegentes
1116 4612 1227 4678 humili
1261 4632 1360 4698 prece
1394 4633 1510 4698 posco,
1540 4629 1803 4697 quommcunque
1833 4632 1927 4677 aures
1949 4612 2061 4675 incon-

537 4717 689 4780 cinnitate
718 4717 890 4782 verborum
922 4716 1106 4800 offendero,
1135 4738 1198 4805 quo
1228 4717 1355 4782 veniam
1390 4717 1547 4780 maiorum
1576 4721 1652 4779 voto
1685 4715 1812 4800 parenti
1844 4715 1930 4780 facili
1958 4733 2062 4778 exau-

536 4818 657 4884 ditione
686 4843 728 4885 ex
762 4820 872 4885 debito
901 4841 936 4884 se
959 4823 1108 4886 noverint
1129 4822 1343 4907 praebituros.
1389 4827 1474 4885 errat
1501 4841 1639 4906 namque
1669 4820 1856 4884 multotiens
1877 4820 2064 4904 impotentis

537 4922 686 5006 effectus,
715 4945 812 5010 quem
840 4946 964 5007 errare,
995 4927 1021 4990 si
1052 4933 1267 5012 posset,1ron
1296 4926 1417 4990 sineret
1445 4924 1573 4989 fervens
1602 4923 1747 4988 affectus.
1797 4925 1917 4988 serviat
1952 4923 2063 5007 itaque

535 5029 695 5094 sufficiens
712 5030 838 5112 caritas,
862 5029 978 5115 quibus
1002 5030 1149 5096 sulficere
1173 5051 1237 5094 non
1259 5030 1402 5115 potuerit
1417 5029 1589 5093 verborum
1608 5048 1754 5092 meorum
1771 5028 1960 5092 inconcinna
1982 5025 2061 5089 sim-

536 5133 673 5218 plicitas,
690 5154 750 5198 nec
764 5133 898 5199 vilescat
912 5135 945 5198 in
961 5135 1092 5199 auribus
1108 5133 1307 5199 audientium
1330 5133 1483 5197 historiae
1506 5133 1635 5214 veritas,
1652 5153 1749 5219 quam
1764 5133 1912 5217 imperito
1929 5131 2061 5213 linguae

537 5257 667 5300 vomere
686 5258 820 5302 exarare
844 5240 889 5303 sic
913 5259 991 5303 ausa
1015 5245 1064 5302 est
1086 5260 1161 5304 mea
1183 5239 1353 5303 rusticitas.
1399 5236 1556 5321 siquidem
1579 5237 1677 5300 tutius
1701 5243 1750 5299 est
1773 5235 1935 5299 salubrem
1958 5233 2060 5297 docu-

534 5342 634 5405 menti
660 5341 811 5406 haustum
843 5341 989 5427 quolibet
1017 5342 1073 5406 vili
1101 5342 1231 5406 vasculo
1264 5341 1397 5405 ebibere
1430 5359 1525 5424 quam
1556 5339 1691 5402 mixtum
1727 5339 1824 5402 melle
1859 5336 1959 5401 dulcis
1991 5337 2062 5400 elo-

479 5430 481 5438 ’
538 5446 688 5530 quentiae
712 5466 872 5511 venenum
895 5446 1056 5510 mendacii
1079 5466 1178 5510 aureo
1202 5445 1318 5532 poculo
1342 5450 1564 5530 praegustare.

447 5548 518 5613 Nec
541 5569 618 5634 ergo
643 5555 675 5614 te
699 5551 826 5636 pigeat,
849 5550 987 5636 diligens
1010 5551 1128 5632 lector,
1152 5550 1295 5614 excussis
1318 5547 1491 5612 verborum
1521 5546 1625 5632 paleis
1654 5545 1785 5610 istoriae
1816 5564 1917 5629 grana
1938 5541 2058 5606 horreo

535 5655 708 5719 meritoriae
734 5654 892 5737 condere,
917 5656 1067 5740 quoniam
1091 5676 1155 5719 non
1179 5652 1351 5740 quisdicat
1374 5656 1429 5714 aut
1445 5651 1584 5737 qualiter
1597 5649 1730 5730 dicatur,
1753 5647 1811 5712 sed
1836 5646 1913 5732 quid
1936 5644 2061 5710 dictum
