4634 6286
987 310 1077 366 vmu
1097 311 1238 368 sinuas.
1882 321 1940 382 105

283 503 393 563 sanus,
428 484 482 568 qui
511 491 645 548 venerat
675 490 817 548 maestus
852 491 884 549 et
916 485 1135 550 moribundus.
1192 486 1276 550 hunc
1306 505 1368 571 ego
1397 507 1502 573 nuper
1522 486 1589 551 vidi
1616 508 1728 551 sanum
1758 493 1792 552 et
1821 490 1941 573 gratias

283 585 480 651 referentem
505 587 566 652 deo
591 593 624 652 et
651 587 742 652 beati
766 587 882 654 Gildae
905 591 1041 654 virtutes
1062 590 1334 676 magnificantem,
1358 592 1412 677 qui
1436 592 1533 656 etiam
1557 611 1597 655 ea
1620 590 1660 655 de
1684 612 1719 655 se
1742 591 1939 675 recordatur,

284 711 367 776 quaa
391 692 618 756 enarravimus.
663 691 733 758 Neo
755 693 1028 778 praetereundum
1051 695 1177 759 silentio
1202 699 1261 776 est,
1286 715 1365 779 quas
1390 694 1506 759 eodem
1524 702 1672 781 tempore
1695 697 1818 782 priores
1839 699 1938 762 nostri
1958 697 1998 757 42

285 794 461 880 qualesque
485 795 616 860 humani
639 797 768 881 generis
794 798 914 862 inimici
940 799 973 860 in
1001 797 1063 862 hoc
1086 818 1177 862 sacro
1202 798 1362 862 coenobio
1394 799 1586 883 pertulerint
1608 798 1783 865 molestias.
1828 800 1941 865 videus

244 919 256 955 ι
283 896 422 985 namque
446 899 500 962 ille
524 899 674 985 antiquus
696 900 817 983 hostis,
841 901 928 986 quod
951 903 1036 966 servi
1061 901 1113 965 dei
1135 902 1241 966 locum
1266 901 1432 966 desertum
1457 903 1599 967 incolere
1630 903 1815 988 coepissent
1842 905 1939 990 atque

284 1023 319 1067 se
345 1002 387 1066 ab
412 1023 462 1085 co,
491 1023 587 1088 quem
612 1002 666 1067 diu
689 1003 891 1089 possederat,
916 1006 988 1069 locc
1012 1005 1066 1069 diu
1090 1005 1219 1070 deserto
1243 1006 1409 1092 expellere
1434 1005 1607 1088 deberent,
1631 1005 1672 1070 ad
1695 1026 1770 1070 suas
1792 1007 1939 1092 antiquas

283 1107 455 1172 revertitur
477 1113 564 1172 artes
587 1113 620 1172 et
643 1128 723 1193 quos
746 1107 799 1173 dei
821 1109 939 1173 virtute
963 1108 1097 1174 videbat
1119 1110 1268 1192 munitos,
1292 1109 1540 1174 fantasmatibus
1567 1116 1601 1176 et
1622 1111 1785 1174 nocturnis
1806 1113 1936 1176 terrori·

284 1211 344 1276 bus
368 1231 424 1276 ecs
450 1211 597 1297 effugare
624 1213 772 1277 omnibus
795 1212 899 1277 modis
922 1213 1107 1278 conabatur.
1152 1234 1227 1278 nam
1250 1219 1344 1279 nocte
1368 1213 1508 1299 quadam
1532 1213 1608 1278 dum
1629 1215 1771 1300 pueriles
1790 1216 1938 1280 monachi

285 1313 328 1380 ad
349 1335 494 1380 mensam
520 1316 676 1381 sederent
699 1322 733 1381 et
755 1317 897 1402 psalmos
918 1316 1093 1399 firmarent,
1117 1317 1320 1382 adversarius
1344 1316 1456 1400 adfuit,
1479 1317 1626 1382 alludens
1647 1318 1759 1382 lumini
1780 1318 1936 1383 candelae
1959 1405 1962 1410 Ι

231 1438 256 1477 1⁰
283 1420 433 1505 apparuit
455 1420 699 1507 extendensque
716 1421 902 1507 frequenter
923 1442 1054 1485 manum
1076 1422 1159 1485 inter
1179 1421 1260 1485 duos
1287 1422 1450 1506 puerulos,
1475 1422 1560 1485 hauc
1583 1420 1690 1485 denuo
1713 1422 1881 1486 retrahens
1904 1430 1938 1488 et

158 1537 159 1540 ’
283 1524 400 1588 iterum
424 1524 604 1589 extendens
634 1531 732 1610 atque
761 1526 878 1589 iterum
903 1525 1072 1589 retrahens
1096 1532 1129 1589 et
1151 1526 1227 1609 hoc,
1252 1525 1354 1590 donee
1378 1526 1533 1590 candelae
1558 1525 1712 1590 deficeret
1738 1526 1865 1610 lumen,
1886 1528 1936 1592 in·

284 1628 469 1693 desinenter
492 1629 623 1693 faciens.
671 1630 797 1716 speeies
819 1649 896 1694 vero
920 1629 1045 1694 brachii
1067 1635 1164 1716 atque
1188 1650 1311 1712 manus,
1335 1651 1417 1716 quae
1441 1628 1641 1695 solummodo
1663 1628 1844 1712 videbatur,
1868 1635 1938 1694 erat

284 1733 377 1817 nigra
401 1739 434 1796 et
456 1732 586 1797 horrida
609 1734 692 1819 pilis.
730 1734 823 1819 pueri
847 1733 962 1798 timore
987 1735 1133 1798 exterriti
1156 1754 1193 1798 ae
1215 1734 1396 1821 perturbati
1418 1739 1519 1800 erant.
1556 1733 1639 1798 alter
1660 1753 1833 1819 puerorum
1855 1732 1936 1798 Rat-

284 1837 411 1918 fredus,
441 1838 524 1901 alter
553 1857 632 1902 vero
658 1837 824 1923 Mangisus
851 1838 1046 1902 vocabatur:
1075 1839 1188 1902 tertius
1215 1859 1292 1903 vero
1323 1837 1601 1920 adolescentulus,
1626 1838 1680 1923 qui
1708 1858 1764 1902 eos
1787 1836 1936 1920 docebat,

232 1958 256 1996 ιι
282 1939 463 2005 Rannulfus
492 1940 669 2006 dicebatur.
721 1962 822 2006 senex
849 1942 962 2027 igitur,
995 1943 1049 2027 qui
1078 1963 1135 2006 eos
1164 1942 1332 2024 servabat,
1360 1942 1490 2006 nomina
1513 1941 1686 2021 Iovetben,
1716 1940 1829 2005 videns
1853 1962 1935 2026 quae

282 2044 404 2109 fiebant
428 2051 462 2109 et
484 2046 598 2110 timore
623 2066 741 2131 pueros
764 2047 963 2132 perterritos,
988 2045 1117 2111 dicebat
1141 2047 1203 2111 eis:
1228 2048 1354 2131 signate
1377 2067 1452 2128 vos,
1475 2047 1585 2132 pueri,
1614 2045 1741 2129 signate
1764 2065 1821 2108 vos
1844 2045 1935 2130 signo

282 2154 412 2214 sanctae
445 2151 546 2214 crucis
580 2156 613 2213 et
643 2150 785 2236 psalmos
816 2149 982 2214 Daviticus
1016 2150 1198 2215 decantate.
1253 2149 1419 2235 improbus
1442 2170 1519 2214 vero
1551 2149 1690 2213 daemon
1712 2155 1935 2234 consumptam

283 2254 422 2318 extinxit
445 2252 613 2318 caudelam
638 2260 671 2318 et
695 2274 730 2318 se
754 2255 785 2318 in
810 2255 907 2318 risuru
930 2275 1065 2319 movens
1087 2276 1148 2340 per
1170 2275 1320 2319 acervum
1344 2254 1524 2340 lapideum,
1556 2254 1610 2339 qui
1639 2253 1731 2317 iuxta
1754 2258 1837 2335 erat,
1860 2274 1935 2339 pro-

282 2379 378 2421 ruens
402 2363 557 2424 terrorem
579 2359 772 2422 immensum
798 2379 842 2422 ax
867 2360 973 2424 sonitu
997 2360 1140 2447 lapidum
1159 2359 1330 2424 concussit:
1356 2358 1473 2423 deinde
1497 2359 1647 2439 scutulas,
1671 2358 1809 2443 quaein
1832 2357 1935 2422 refec-

230 2487 256 2526 ιο
282 2465 364 2527 torio
388 2470 480 2527 erant
501 2465 637 2549 positas,
661 2469 730 2528 tcta
751 2469 847 2528 nocte
875 2485 1010 2530 movens
1034 2470 1132 2550 atque
1156 2455 1327 2528 removens
1350 2463 1527 2549 inquietam
1549 2461 1785 2526 habitatoribus
1807 2466 1936 2526 noctem

282 2566 432 2632 reddidit.
478 2567 643 2631 vasculum
670 2588 758 2650 vero,
782 2568 868 2654 quod
895 2569 986 2632 iuxta
1009 2575 1080 2633 arat
1102 2570 1242 2654 positum
1265 2568 1339 2632 vino
1362 2568 1538 2653 repletum,
1563 2566 1638 2631 dum
1661 2565 1806 2630 minister
1827 2565 1935 2651 requi·

282 2672 392 2752 risset,
420 2692 557 2736 vacuum
579 2672 702 2736 invenit
732 2693 838 2758 neque
861 2673 963 2737 ullum
986 2673 1174 2758 vestigium,
1197 2672 1253 2737 ubi
1274 2673 1308 2737 in
1330 2677 1450 2736 terram
1473 2670 1660 2752 defluxerit,
1688 2676 1852 2756 repertum
1877 2675 1935 2733 est.

282 2774 377 2838 Felix
399 2775 539 2840 abierat:
565 2777 620 2861 qui
643 2798 715 2841 cum
737 2778 881 2841 venisset
904 2783 937 2842 et
960 2799 980 2841 a
1003 2778 1154 2843 fratribus
1179 2798 1262 2863 quae
1285 2777 1463 2863 praeterita
1485 2781 1581 2840 nocte
1609 2773 1817 2859 pertulissent
1831 2773 1934 2860 phau-

283 2884 422 2942 tasmata
446 2879 598 2962 audisset,
622 2887 791 2966 acceptam
814 2902 934 2967 aquam
957 2904 1030 2947 cum
1053 2885 1121 2947 sale
1145 2881 1315 2946 benedixit
1343 2887 1377 2945 et
1404 2880 1591 2944 incircuitu
1619 2883 1653 2942 et
1680 2878 1765 2942 intus
1788 2879 1935 2964 aspersit,

230 3005 254 3044 as
282 2988 379 3068 atque
403 2981 444 3046 ab
468 2982 522 3047 illo
546 2983 598 3048 die
622 3005 681 3071 por
704 2984 915 3070 deigratiam
941 2988 1052 3072 quieta
1074 2987 1232 3052 habitatio
1256 2985 1443 3072 permansit.
1487 2982 1563 3048 Fuit
1593 2988 1741 3068 tempore
1769 2983 1824 3047 illo
1852 2983 1935 3048 inter
1954 2978 1994 3040 43

283 3087 405 3172 priores
427 3087 521 3152 huius
543 3090 626 3152 sacri
649 3089 799 3153 coenobii
821 3090 997 3154 monachus
1021 3090 1152 3176 quidam
1176 3091 1306 3155 nomine
1330 3089 1566 3174 Gingurianus,
1589 3086 1688 3150 laicus
1711 3085 1851 3171 quidem,
1876 3085 1934 3150 sed

281 3191 395 3276 spiritu
418 3197 528 3255 sancto
553 3191 765 3277 omnibusque
789 3192 962 3257 virtutibus
986 3195 1111 3280 plenus.
1156 3195 1208 3259 hic
1237 3216 1309 3259 curn
1339 3191 1536 3278 aliquamdiu
1562 3191 1767 3255 innocentem
1797 3195 1830 3254 et
1857 3191 1934 3254 sim·

280 3295 398 3380 plicam
427 3295 526 3358 vitam
549 3315 650 3379 agens
672 3297 705 3358 iu
734 3298 930 3361 monasterio
970 3297 1031 3362 deo
1062 3298 1257 3363 deservisset
1286 3303 1319 3362 ct
1349 3298 1418 3363 eius
1445 3295 1635 3382 patientiam
1664 3314 1725 3381 per
1751 3293 1934 3359 molestiam

282 3398 424 3483 corporis
448 3397 658 3483 comprobare
682 3400 817 3484 aliisque
840 3401 872 3463 in
897 3401 1083 3488 exemplum
1109 3401 1281 3466 ostendere
1306 3400 1456 3465 dominus
1472 3398 1680 3479 decrevisset,
1705 3397 1933 3483 perspiritum

229 3525 254 3563 so
282 3507 426 3566 sanctum
462 3503 492 3566 ei
524 3502 671 3567 revelare
702 3503 852 3588 dignatus
887 3514 937 3569 est
969 3507 1065 3570 finam
1094 3507 1181 3570 vitae
1209 3525 1297 3570 suae.
1350 3505 1439 3568 veuit
1467 3504 1577 3588 itaque
1606 3501 1746 3586 quadam
1777 3501 1829 3565 die
1858 3507 1932 3565 ante

281 3607 434 3671 abbatem
456 3605 599 3671 Felicem
634 3613 731 3692 atque
768 3628 896 3672 omnem
932 3610 1234 3694 congregationem,
1264 3608 1428 3673 humiliter
1457 3605 1656 3670 satisfaciens
1685 3610 1719 3669 et
1748 3611 1863 3691 petens
1891 3605 1932 3668 ab
2053 3639 2062 3652 ·

281 3711 428 3776 omnibus
456 3712 518 3776 sibi
545 3713 672 3777 veniam
702 3711 780 3776 dari.
833 3713 908 3777 dum
932 3713 1033 3798 igitur
1057 3714 1090 3777 in
1113 3715 1248 3779 circuitu
1269 3719 1435 3798 tamquam
1457 3710 1618 3774 innocenti
1646 3715 1680 3772 et
1706 3709 1842 3794 simplici
1864 3709 1932 3773 viro

280 3815 535 3901 respondissent:
562 3816 702 3882 dimittat
727 3817 786 3882 tibi
809 3817 959 3882 dominus
981 3819 1180 3903 ignorantias
1204 3824 1275 3882 tuas
1299 3823 1395 3902 atque
1419 3816 1461 3881 ab
1485 3814 1633 3879 omnibus
1649 3815 1791 3900 peccatis
1814 3816 1877 3878 tuis
1899 3820 1932 3878 tc

281 3920 438 4002 absolvat,
462 3920 575 3984 scitote
600 3941 689 4005 crgo,
712 3922 817 4007 inquit
838 3923 913 4003 ille,
936 3922 1089 3987 carissimi
1114 3923 1248 4004 fratres,
1272 3922 1347 4007 quia
1369 3919 1411 3984 ab
1434 3919 1591 3983 hodierna
1614 3917 1666 3982 die
1689 3937 1796 4003 neque
1819 3917 1932 3982 ambu-

227 4056 252 4094 ιι
280 4025 347 4088 lare
376 4024 461 4088 inter
487 4045 544 4088 vos
571 4045 677 4110 neque
705 4046 836 4090 manere
865 4031 992 4111 potero.
1045 4048 1124 4112 rago
1154 4027 1322 4091 caritatem
1351 4029 1509 4106 vestram,
1539 4028 1575 4087 ut
1597 4021 1712 4086 vestris
1736 4021 1932 4086 orationibus

279 4149 332 4200 me
362 4128 594 4193 commendetis
627 4129 688 4194 deo
724 4137 756 4194 at
791 4131 863 4194 oleo
894 4137 1005 4195 sancto
1033 4133 1172 4217 ungatis.
1225 4131 1380 4195 mirantur
1407 4148 1535 4208 omnes,
1566 4125 1670 4211 quod,
1699 4146 1795 4210 quem
1819 4144 1932 4189 sanum

278 4230 449 4314 videbant,
482 4233 559 4317 ungi
593 4253 627 4297 se
662 4241 802 4319 rogaret.
852 4234 907 4298 ille
938 4240 1048 4300 autem
1079 4234 1234 4321 rogabat,
1263 4232 1418 4314 instabat,
1446 4236 1483 4295 ut
1511 4228 1664 4317 quamdiu
1692 4229 1780 4314 loqui
1802 4234 1932 4316 poterat

278 4343 462 4422 ungeretur.
508 4345 583 4423 post
606 4339 779 4424 capitulum
804 4345 913 4404 autern
940 4339 1056 4404 detulit
1079 4340 1187 4404 omnia
1209 4338 1360 4403 utensilia
1376 4342 1473 4422 atque
1490 4335 1687 4399 ferramenta
1702 4354 1761 4398 sua
1777 4339 1810 4397 et
1823 4334 1931 4418 posuit

279 4447 354 4505 ante
377 4441 480 4527 pedes
502 4441 630 4506 abbatis
653 4441 778 4507 dicens:
803 4442 949 4527 domine,
976 4465 1051 4510 ecce
1077 4443 1312 4524 obedientiam,
1336 4462 1433 4527 quam
1460 4439 1538 4504 mihi
1570 4458 1698 4503 servare
1722 4438 1929 4523 praecepisti:

226 4578 252 4617 40
280 4543 471 4608 commenda
508 4565 580 4609 eam
614 4547 709 4610 alicui
736 4567 779 4610 ex
810 4547 971 4615 fratribus.
1029 4548 1136 4613 fuerat
1165 4547 1250 4614 enim
1278 4547 1348 4634 ipse
1379 4544 1495 4610 beatus
1526 4544 1574 4607 vir
1605 4547 1712 4607 custos
1735 4541 1868 4605 alvearii
1890 4540 1931 4605 ab

277 4649 367 4713 initio
391 4649 608 4713 conversionis
631 4671 726 4733 suae,
757 4652 882 4716 habens
905 4653 964 4718 sub
989 4675 1065 4718 eura
1088 4675 1147 4718 sua
1175 4654 1313 4740 plurima
1341 4671 1439 4737 apum
1463 4669 1549 4712 vasa.
1596 4645 1714 4711 deiude
1739 4666 1810 4710 cum
1833 4645 1931 4709 missa

279 4752 513 4834 celebraretur,
538 4760 611 4838 post
633 4776 748 4841 pacem
771 4756 814 4821 ad
836 4765 982 4823 sanetum
1006 4759 1165 4824 accedens
1194 4759 1296 4822 altare
1321 4754 1577 4819 communionem
1601 4755 1744 4815 sanctam
1769 4748 1809 4813 de
1833 4769 1930 4813 manu

279 4855 457 4921 sacerdotis
481 4856 608 4942 accepit
629 4878 667 4921 ao
690 4866 773 4946 post,
798 4861 910 4925 ambas
933 4883 1046 4927 manus
1069 4863 1112 4927 ad
1134 4867 1247 4948 pactus
1270 4859 1449 4941 adducens,
1477 4858 1568 4922 iuxta
1597 4853 1732 4941 gratim
1762 4853 1871 4918 altaris
1893 4875 1930 4918 se

279 4959 459 5026 extendens
488 4961 636 5026 recubuit
666 4969 763 5048 atquc
793 4966 876 5029 iuter
905 4988 1019 5032 manus
1048 4967 1182 5031 eductus
1214 4970 1263 5030 est
1285 4965 1317 5028 in
1341 4963 1472 5028 domum
1494 4960 1708 5039 infirmorum,
1732 4958 1788 5022 ubi
1811 4959 1929 5041 statim,

226 5095 252 5133 u
280 5066 362 5130 sicut
383 5064 605 5150 postulaverat
628 5087 647 5130 a
670 5067 831 5151 fratribus,
854 5070 928 5135 oleo
954 5077 1064 5136 sancto
1088 5077 1202 5136 unctus
1226 5076 1276 5134 est
1292 5075 1390 5155 atque
1408 5068 1449 5133 ab
1464 5068 1519 5132 illo
1536 5065 1599 5148 die,
1616 5065 1697 5129 sicut
1711 5063 1929 5150 praedixerat,

276 5191 337 5257 per
358 5175 462 5234 totum
486 5190 604 5235 annum
634 5173 775 5258 paralysi
806 5175 927 5239 solutus
961 5177 995 5239 in
1027 5177 1113 5240 lecto
1148 5176 1258 5240 iacens
1288 5194 1395 5259 neque
1426 5170 1458 5235 in
1486 5172 1588 5235 latere
1617 5169 1719 5233 altero
1743 5189 1778 5232 se
1801 5173 1930 5235 vertere

276 5295 383 5360 neque
407 5294 536 5338 manum
559 5273 601 5338 ad
625 5297 660 5339 os
683 5275 801 5340 ducere
825 5279 938 5363 potuit.
993 5279 1058 5343 Per
1080 5300 1199 5344 annum
1222 5299 1299 5343 vero
1328 5297 1425 5342 unum
1450 5275 1481 5339 ei
1502 5273 1674 5338 manifeste
1699 5270 1846 5335 dominus
1869 5293 1929 5358 per
1946 5280 1987 5340 44

278 5379 431 5463 angelum
456 5400 546 5443 suum
571 5378 720 5464 diguatus
745 5387 794 5445 cst
818 5381 923 5445 obitus
946 5382 994 5446 sui
1019 5381 1105 5446 diem
1128 5382 1333 5447 denuntiare:
1364 5380 1418 5465 qui
1444 5399 1539 5442 mane
1561 5377 1712 5441 Riaulum
1735 5375 1928 5440 monachum

278 5480 321 5545 ad
344 5503 379 5546 se
403 5483 530 5546 vocavit
554 5484 647 5569 eique
672 5483 767 5548 dixit:
793 5483 853 5566 dic,
876 5506 967 5570 rogo,
991 5487 1101 5563 frater,
1127 5487 1213 5550 omni
1237 5484 1479 5571 congregationi
1503 5487 1642 5563 nostrae,
1665 5487 1701 5544 ut
1723 5481 1843 5565 gratias
1868 5479 1929 5544 deo

230 5611 255 5648 so
282 5606 410 5671 semper
432 5593 532 5671 agant
563 5595 596 5652 et
625 5589 657 5651 in
687 5586 815 5651 domino
843 5589 962 5673 iugiter
984 5587 1150 5673 gaudeant
1178 5595 1211 5652 et
1233 5589 1379 5653 noverint
1401 5608 1460 5674 pro
1484 5592 1589 5667 certo,
1614 5586 1764 5670 quoniam
1788 5582 1831 5648 ad
1853 5605 1929 5648 noc-

380 5713 508 5751 uuacruca
526 5715 562 5753 ru.
1691 5697 1723 5750 14
