4634 6286
923 343 1011 398 vrrs
1030 343 1175 400 aranas.
1832 354 1873 413 95

220 517 294 576 tunc
317 517 445 576 sanctus
462 513 574 578 Gildas
598 515 712 578 nolens
735 523 858 580 tantum
875 519 1019 581 favorem
1045 525 1078 582 ct
1100 520 1246 604 plausum
1270 519 1375 603 plebis
1392 521 1549 585 sustinere
1566 520 1713 585 discessit
1730 523 1873 608 protinus

219 614 261 679 ab
294 615 341 680 eis
369 622 402 680 et
429 616 509 681 abiit
536 618 691 700 latenter,
720 640 760 684 ne
788 628 1021 705 agnosceretur
1044 627 1077 686 et
1100 621 1336 688 absconditae.
1382 623 1464 688 Post
1486 646 1607 711 paucos
1630 646 1708 690 vero
1732 625 1801 690 dies
1824 627 1871 691 in·
1895 623 1932 681 12

220 724 336 783 ventus
359 741 379 784 a
402 721 594 806 quibusdam
611 723 773 787 nobilibus
795 724 871 787 viris
895 725 1056 809 qnondam
1079 725 1141 789 sibi
1162 727 1247 790 notis
1270 728 1341 812 regi
1356 728 1541 793 Ainmerioo
1566 736 1615 793 cst
1637 736 1873 815 praesentatus.

223 844 319 908 quem
343 846 415 890 cum
438 826 586 908 vidisset,
610 828 717 892 multis
740 829 890 915 precibus
914 849 987 894 eum
1016 829 1154 914 rogabat
1176 831 1378 917 plurimaque
1402 832 1541 896 offerens
1569 833 1654 896 dona
1676 833 1872 918 postulabat,

182 948 194 985 s
221 933 257 990 nt
279 929 367 1014 apud
389 950 423 993 se
446 938 594 996 maneret
623 939 674 1012 et,
704 933 786 997 sieut
816 933 847 997 ei
869 933 956 1018 prius
978 933 1206 1016 mandaverat,
1230 935 1483 1000 ecclesiasticum
1506 942 1704 1001 restauraret
1726 936 1872 1002 ordinem

219 1033 251 1097 in
274 1034 408 1119 regione
432 1035 559 1116 eadem,
585 1038 661 1122 qnia
683 1037 811 1122 penitus
834 1038 1026 1102 catholicam
1050 1036 1148 1103 tidem
1170 1060 1190 1103 a
1213 1041 1354 1104 maximo
1379 1061 1482 1125 usque
1506 1040 1549 1104 ad
1571 1041 1736 1104 minimum
1760 1062 1871 1105 omnes

220 1137 404 1202 amiserant.
452 1144 525 1204 tunc
549 1147 677 1204 sanetus
700 1141 812 1206 Gildas
837 1144 975 1206 munitus
1000 1144 1104 1229 clipeo
1128 1143 1323 1208 tortitudinis
1347 1151 1381 1208 ct
1403 1146 1500 1229 galea
1523 1145 1634 1209 salutis
1658 1166 1770 1209 ornnes
1792 1145 1872 1210 fines

219 1239 472 1306 Hibemensium
495 1244 639 1308 cheuivit
662 1251 695 1308 et
719 1246 871 1309 ecelesias
895 1247 1101 1320 restauravit,
1132 1248 1252 1311 clerum
1282 1249 1466 1312 universum
1494 1250 1526 1312 in
1549 1247 1613 1312 fide
1638 1249 1811 1329 catholica,
1836 1255 1871 1312 ιιι

219 1351 362 1408 sanctam
386 1346 563 1411 trinitatem
586 1350 739 1431 colerent,
762 1349 922 1431 instruxit,
946 1351 1083 1436 populos
1106 1352 1250 1435 graviter
1271 1353 1432 1416 morsibus
1453 1353 1689 1417 haeretieorum
1712 1353 1872 1417 sauciatos

166 1473 192 1512 ιο
218 1448 350 1526 curavit,
367 1448 497 1514 fraudes
513 1451 693 1516 haereticos
709 1474 781 1517 cum
797 1453 981 1518 auctoribus
997 1453 1061 1517 suis
1078 1453 1118 1517 ab
1136 1455 1183 1517 eis
1198 1455 1295 1539 longe
1311 1456 1438 1540 repulit.
1482 1457 1676 1540 iamiamque
1692 1456 1871 1542 pullulante

217 1553 251 1634 in·
272 1555 396 1638 gremio
420 1561 550 1619 sanctae
566 1557 678 1620 matris
695 1557 853 1621 ecelesiae
869 1565 982 1641 segete
999 1556 1212 1621 multitudinis
1230 1558 1430 1622 credentium
1453 1564 1486 1623 et
1501 1560 1619 1624 avulsis
1635 1560 1872 1624 haeretieorum

218 1659 316 1744 spinis
344 1665 431 1724 terra
460 1659 512 1724 din
541 1661 657 1726 sterilis
687 1661 861 1726 fecundata
889 1682 962 1725 rore
995 1662 1144 1726 caelestis
1174 1663 1298 1746 gratiae
1334 1663 1492 1747 gratiores
1526 1662 1649 1749 profert
1679 1663 1800 1727 fruetus
1831 1663 1873 1726 ad

218 1764 416 1848 agnitionem
432 1786 589 1851 supernae
606 1765 792 1828 vocationis.
839 1764 902 1829 lide
919 1786 1057 1851 namque
1075 1771 1240 1830 crescente
1259 1766 1418 1830 catholica
1434 1767 1523 1851 regio
1547 1767 1658 1852 gavisa
1682 1773 1731 1830 est
1748 1773 1872 1831 tantum

218 1889 252 1931 se
275 1869 491 1954 promeruisse
515 1875 696 1955 patronum.
741 1871 843 1933 multa
866 1869 1019 1955 deinceps
1042 1870 1090 1932 vir
1118 1869 1234 1934 beatus
1262 1871 1458 1934 monasteria
1486 1871 1664 1935 construxit
1693 1872 1725 1933 in
1756 1870 1872 1934 eadem

169 1989 192 2028 a
219 1972 338 2053 insula,
362 1993 427 2036 non
449 1993 570 2058 paucos
593 1974 626 2036 in
649 1973 695 2036 eis
717 1973 873 2037 nobilium
896 1973 978 2037 filios
1003 1974 1166 2037 enutriens
1189 1981 1223 2037 et
1245 1994 1357 2037 norma
1379 1975 1537 2059 regularis
1560 1972 1749 2060 disciplinae
1773 1974 1871 2037 infor·
1922 2007 1924 2012 ·

218 2096 327 2140 mans:
352 2081 385 2140 et
400 2083 437 2140 ut
451 2076 560 2161 plures
577 2076 706 2141 domino
723 2077 840 2140 offerre
857 2084 968 2162 posset
983 2079 1138 2160 alumnos,
1154 2079 1220 2142 iarn
1235 2079 1339 2142 faetus
1356 2079 1534 2143 monachus
1550 2078 1681 2163 collegit
1695 2078 1871 2142 monachos

217 2198 327 2243 secum
357 2188 423 2245 tam
456 2201 497 2244 ex
521 2181 682 2246 nobilibus
707 2202 802 2267 quam
827 2202 869 2246 ex
892 2182 1088 2267 pauperibus
1111 2181 1241 2268 pupillis
1265 2187 1298 2245 et
1321 2181 1489 2267 orphanis,
1521 2202 1647 2246 necnon
1670 2188 1703 2246 et
1726 2182 1871 2267 captivos

217 2285 382 2369 tyrannica
415 2285 569 2350 servitute
606 2305 805 2370 paganorum
839 2287 981 2350 irretitos
1009 2283 1259 2350 misericorditer
1291 2285 1456 2368 liberavit,
1491 2291 1590 2370 utque
1625 2293 1735 2371 pastor
1769 2285 1871 2350 bonus

217 2387 340 2451 talenta
370 2389 430 2453 sibi
458 2411 477 2452 a
508 2389 637 2453 domino
660 2390 783 2454 credita
809 2390 949 2454 fideliter
972 2389 1134 2475 duplicata
1157 2390 1220 2475 ipsi
1242 2412 1342 2454 ovans
1372 2397 1538 2476 reportare
1563 2391 1695 2455 curavit.
1742 2411 1870 2454 ornnem

164 2505 189 2544 2⁰
217 2491 356 2577 denique
389 2495 556 2578 regionem
583 2494 836 2559 Hibemensium
867 2501 900 2558 et
928 2493 1108 2579 Anglorum
1136 2515 1260 2558 necnon
1285 2501 1318 2558 ct
1342 2499 1527 2559 exterarum
1551 2495 1716 2558 nationum
1740 2515 1796 2558 suo
1820 2494 1869 2557 in-

216 2597 332 2660 struxit
356 2598 508 2683 exemplo
533 2607 566 2661 et
589 2598 727 2662 erudivit
749 2619 911 2663 sermone:
943 2619 1079 2684 quarum
1110 2603 1226 2682 gentes
1250 2604 1284 2661 et
1305 2598 1451 2661 nationes
1474 2604 1565 2661 actus
1588 2603 1622 2660 et
1644 2597 1778 2661 virtutes
1802 2597 1870 2661 eius

215 2720 317 2784 usqne
351 2700 383 2763 in
414 2700 605 2765 hodiernum
639 2701 724 2766 diem
760 2702 934 2767 honorilice
968 2709 1162 2766 venerantur
1193 2701 1324 2788 ubique.
1379 2701 1521 2765 Dimissa
1549 2702 1648 2786 igitur
1681 2707 1755 2786 post
1787 2695 1928 2764 hae013

215 2802 373 2868 Hibernia
404 2811 501 2891 atque
529 2804 697 2870 Britannia
726 2811 760 2870 et
788 2805 907 2870 relictis
941 2805 1088 2870 omnibus
1120 2806 1183 2869 suis
1216 2804 1333 2870 beatus
1363 2804 1476 2869 Gildas
1503 2824 1642 2891 peregre
1666 2803 1871 2890 proficiscens

216 2897 356 2972 Romam
390 2910 485 2994 petiit
519 2915 702 2991 sanetomm
733 2911 954 2997 apostolorum
984 2909 1072 2973 Petri
1104 2916 1137 2972 et
1166 2909 1261 2974 Pauli
1288 2910 1404 2973 merita
1434 2908 1680 2994 deprecaturus,
1711 2913 1870 2992 quatenus

165 3034 189 3074 ιι
218 3033 328 3077 eorum
355 3013 586 3078 intercessione
618 3035 638 3077 a
667 3014 797 3080 domino
830 3020 942 3100 posset
974 3019 1181 3099 peccatorum
1214 3013 1341 3077 veniam
1370 3012 1517 3077 obtinere
1548 3019 1581 3077 et
1608 3012 1641 3075 in
1664 3011 1717 3075 dei
1741 3013 1870 3077 servitio

216 3115 351 3181 firmiter
373 3139 583 3203 perseverare
607 3125 704 3203 atque
733 3119 850 3182 sanetis
879 3118 1026 3182 omnihus
1054 3118 1086 3180 in
1116 3117 1249 3180 caelesti
1279 3117 1384 3201 patria
1407 3115 1539 3201 adiungi
1563 3121 1751 3180 mereretur.
1797 3138 1869 3181 cnm

216 3227 324 3285 autem
355 3222 536 3307 vigiliarum
566 3229 664 3308 atque
691 3223 921 3287 matutinorum
952 3220 1048 3285 laude
1080 3221 1170 3284 finita
1202 3219 1342 3306 quadam
1372 3219 1423 3283 die
1456 3219 1596 3283 diluculo
1621 3218 1661 3283 de
1685 3221 1759 3284 aula
1782 3221 1870 3285 beati

216 3325 308 3390 Petri
331 3346 480 3410 egressus
502 3327 614 3389 volens
637 3327 730 3390 solito
753 3346 843 3390 more
861 3326 1000 3389 exireat
1021 3330 1202 3389 ceterorum
1222 3323 1362 3388 oratoria
1378 3330 1560 3387 sanctorum
1575 3322 1756 3388 Romuleae
1772 3325 1870 3389 Urbis

217 3428 350 3494 circuire
374 3436 407 3493 et
430 3428 584 3515 suffragia
607 3451 719 3494 eornm
742 3437 875 3515 petere,
900 3429 1037 3493 occurrit
1060 3429 1091 3492 ei
1114 3426 1245 3512 qnidam
1268 3427 1463 3513 hydropicus
1479 3427 1608 3491 inflatus
1624 3428 1759 3493 humore
1780 3427 1869 3494 dirae

164 3555 190 3594 so
215 3534 408 3598 infirmitatis
431 3535 674 3620 quaerebatque
698 3535 883 3598 alimoniam
911 3532 952 3596 ab
982 3552 1031 3596 eo.
1078 3532 1128 3596 cui
1150 3531 1266 3595 beatus
1289 3529 1402 3595 Gildas
1432 3532 1490 3594 ait:
1519 3552 1583 3594 non
1606 3537 1657 3594 cst
1678 3532 1757 3597 mihi
1780 3534 1869 3618 quic-

217 3659 313 3723 quam
341 3639 498 3725 pecuniae
526 3640 557 3702 in
588 3638 752 3719 manibus,
776 3637 862 3723 quod
886 3637 944 3702 tibi
965 3637 1087 3722 possim
1111 3636 1205 3700 dare:
1236 3634 1349 3699 sedin
1371 3635 1502 3699 nomine
1527 3633 1646 3698 domini
1669 3637 1769 3700 nostri
1792 3637 1869 3700 Iesu

217 3741 334 3806 Christi
358 3749 392 3806 et
413 3743 536 3806 meritis
559 3743 728 3806 beatorum
752 3743 972 3828 apostoloram
995 3739 1083 3803 Petri
1107 3745 1141 3804 et
1163 3739 1259 3804 Pauli
1282 3760 1378 3803 sanus
1401 3739 1444 3802 sis
1468 3739 1509 3803 ab
1532 3739 1593 3802 hac
1616 3738 1809 3821 infirmitate,
1835 3747 1868 3804 et

215 3847 241 3910 si
265 3847 335 3931 quis
358 3853 391 3910 te
413 3846 675 3930 interrogaverit,
700 3847 769 3930 quis
791 3851 824 3908 te
847 3865 960 3908 sanum
983 3844 1078 3924 iecit,
1107 3843 1219 3926 dicito,
1244 3843 1332 3929 quod
1355 3844 1502 3908 dominus
1524 3843 1617 3907 Iesus
1641 3842 1785 3908 Christus
1809 3865 1868 3930 per

214 3951 331 4015 merita
353 3952 571 4036 apostolorum
595 3971 724 4014 suorum
746 3951 778 4013 in
803 3971 854 4013 me
878 3947 1130 4013 misericordiam
1153 3968 1246 4013 suam
1270 3948 1356 4012 fecit.
1402 3969 1498 4011 sanus
1514 3949 1624 4033 itaque
1641 3949 1749 4011 statim
1765 3948 1869 4012 taetris

162 4075 187 4116 ss
215 4075 316 4139 aeger
337 4055 467 4119 ἰιιιιιιιίι
488 4055 521 4119 in
543 4055 710 4119 basilicam
734 4053 835 4117 sancti
864 4053 969 4133 Petri,
993 4052 1128 4116 laudans
1158 4058 1192 4116 et
1220 4050 1417 4117 benedicens
1448 4052 1553 4117 deum.
1605 4058 1735 4116 sanetus
1758 4059 1868 4117 autem

215 4157 331 4222 Gildas
354 4163 504 4244 coeptam
528 4159 631 4222 tenuit
653 4159 747 4238 uam,
772 4178 908 4242 cumque
939 4178 998 4242 per
1025 4156 1147 4242 ahquot
1171 4155 1240 4221 dies
1268 4156 1315 4221 ibi
1336 4161 1484 4221 maneret
1506 4158 1704 4242 perlustrans
1728 4158 1868 4220 oratoria

213 4268 411 4344 sanctorum,
440 4262 562 4328 audivit
587 4262 753 4327 Romanos
781 4264 867 4327 cives
897 4263 1039 4347 graviter
1066 4262 1178 4327 dolere
1210 4261 1252 4326 ob
1275 4261 1464 4347 pestiferum
1487 4263 1598 4326 flatum
1626 4261 1789 4343 draconis,
1814 4263 1867 4347 qni

214 4372 284 4430 erat
317 4366 421 4430 latens
452 4367 484 4430 in
511 4385 649 4430 caverna
679 4351 844 4431 cniusdam
873 4367 1004 4447 montis,
1034 4366 1087 4450 qui
1118 4365 1236 4429 multos
1259 4364 1478 4428 Romanorum
1510 4371 1544 4428 et
1573 4365 1707 4428 aliorum
1732 4365 1866 4430 circum-

214 4491 342 4557 quaque
370 4471 546 4535 vicinomm
576 4471 741 4557 pestilenti
770 4471 848 4534 flatu
874 4471 1093 4534 interemerat.
1146 4468 1233 4554 quod
1261 4467 1395 4532 audiens
1426 4468 1541 4532 beatus
1565 4467 1677 4532 Gildas
1702 4469 1802 4532 exirit
1825 4469 1866 4532 ab

161 4601 187 4640 cc
214 4573 353 4659 hospitio
385 4594 442 4637 sno
473 4574 613 4638 latenter
635 4574 730 4639 valde
755 4574 894 4639 diluculo
918 4572 1128 4657 ascenditque
1158 4573 1191 4636 in
1219 4579 1363 4637 montem
1385 4578 1517 4658 portans
1540 4572 1691 4636 baculum
1714 4573 1746 4636 in
1769 4593 1867 4637 manu

214 4684 248 4742 et
271 4677 417 4742 oratione
444 4677 531 4742 facta
558 4677 647 4742 venit
677 4677 718 4742 ad
751 4699 786 4742 os
816 4678 989 4764 speluncae
1020 4681 1053 4741 et
1074 4674 1188 4740 ridens
1212 4675 1384 4741 draconem
1420 4676 1569 4740 invocato
1593 4675 1710 4740 Christi
1737 4677 1866 4742 nomine

212 4784 392 4870 intrepidus
416 4784 510 4850 dixit:
534 4786 567 4848 in
589 4786 717 4849 nomine
741 4784 862 4849 domini
884 4785 983 4849 nostri
1004 4781 1079 4847 Iesu
1100 4782 1219 4848 Christi
1241 4783 1406 4869 praecipio
1430 4783 1497 4864 tihi,
1521 4789 1556 4846 ut
1580 4781 1688 4846 statim
1711 4782 1863 4860 haereas,

212 4909 253 4953 ne
276 4889 415 4974 populus
437 4887 580 4952 fidelium
604 4910 623 4952 a
645 4895 678 4952 te
702 4890 840 4974 amplius
862 4889 1048 4974 perimatur.
1095 4887 1149 4972 qui
1172 4909 1249 4951 mox
1273 4888 1305 4951 in
1329 4894 1448 4952 terram
1472 4907 1623 4952 corruens
1646 4891 1791 4950 mortuus
1815 4893 1865 4949 est

213 5000 246 5057 et
269 4993 406 5057 cessarit
434 4992 502 5055 cius
531 4992 628 5076 plaga
656 5013 675 5054 a
700 4993 828 5077 populo.
874 4991 964 5055 Tune
993 4991 1108 5055 beatus
1133 4989 1245 5054 Gildas
1267 4990 1457 5055 Ravennam
1481 4990 1561 5054 abiit
1583 4989 1687 5073 gratia
1712 4989 1864 5053 orationis
1886 4996 1923 5056 14

158 5119 184 5158 a
213 5096 303 5161 beati
320 5094 523 5181 ApolHnaris.
570 5115 640 5158 cum
665 5101 774 5158 autem
798 5095 1072 5180 appropinquaret
1094 5101 1208 5179 portae
1232 5095 1378 5176 civitatis,
1396 5094 1532 5158 occurrit
1554 5093 1585 5158 ei
1601 5091 1731 5177 quidam
1747 5113 1864 5157 caecus

214 5207 247 5264 et
273 5205 397 5280 mutus,
427 5218 524 5284 quem
552 5197 666 5261 ductor
693 5219 791 5261 manu
814 5197 974 5276 trahebat,
997 5197 1066 5282 ipse
1096 5202 1205 5261 autem
1232 5196 1377 5262 tabulam
1406 5197 1608 5283 percutiebat
1638 5197 1789 5261 malleolo
1821 5197 1863 5260 ob

212 5303 478 5390 significationem
502 5301 728 5387 eleemosynae
752 5299 968 5386 quaerendae.
1015 5320 1111 5386 quem
1127 5300 1239 5365 videns
1254 5300 1370 5366 beatus
1387 5300 1501 5366 Gildas
1524 5299 1742 5364 misericordia
1757 5307 1864 5365 motus

314 5528 487 5581 3a1nmarico
505 5528 618 5580 traditw
700 5524 734 5578 12
750 5525 858 5594 gratiae]
877 5529 958 5594 gratis
972 5528 1003 5578 M
1084 5525 1116 5577 16
1134 5527 1212 5578 verta
1229 5527 1279 5577 iam
1298 5529 1382 5578 sactus
1400 5529 1542 5580 monachus
1560 5527 1587 5578 ia
1605 5527 1690 5580 codice
1711 5527 1866 5579 Gildasiano

210 5616 294 5676 deesse
313 5615 422 5673 adnotat
433 5616 467 5666 M
568 5612 603 5672 23
620 5615 648 5666 ia
665 5614 769 5668 rellatus
792 5613 839 5684 sic)
858 5615 941 5686 deficit
952 5613 977 5664 Β
