4634 6286
575 1493 640 1585 11.
681 1491 923 1588 (11111)Αὸ
962 1492 1050 1586 DE
1090 1491 1552 1586 PAENITENTIA.

438 1667 550 1754 incipit
572 1669 711 1755 prefatio
735 1668 851 1734 Gildae
876 1669 917 1734 de
940 1669 1130 1755 penitentia.

333 1771 499 1836 Presbiter
533 1778 588 1837 aut
621 1772 774 1838 diaconus
805 1775 926 1839 faciens
958 1773 1202 1839 fornicationem
1236 1775 1416 1838 naturalem
1446 1773 1512 1838 6116
1544 1772 1736 1838 sodomitam
1759 1775 1884 1860 prelato
1929 1769 1938 1826 l

231 1879 305 1938 ante
329 1874 479 1939 monachi
501 1881 576 1940 voto
599 1874 652 1939 111
676 1877 767 1940 annis
790 1878 949 1962 peniteat,
972 1876 1101 1940 veniam
1125 1876 1210 1940 omni
1233 1877 1314 1942 hora
1337 1883 1448 1962 roget,
1472 1877 1765 1962 superpositionem
1787 1876 1885 1940 166161

230 1978 262 2041 16
285 1999 477 2065 unaquaque
502 1978 685 2044 ebdomada
710 1981 855 2066 exceptis
870 1980 899 2044 L
916 1980 1030 2045 diebus
1053 1986 1127 2065 post
1142 1980 1339 2066 passionem:
1356 2000 1440 2066 pane
1462 1981 1530 2045 sine
1547 2001 1697 2045 mensura
1713 1986 1747 2044 et
1762 1980 1884 2044 ferculo

230 2081 434 2167 aliquatenus
462 2083 568 2148 butiro
597 2085 764 2171 inpingato
793 2083 846 2149 die
870 2085 1044 2166 dominico,
1069 2085 1284 2150 66161161616
1312 2084 1426 2150 diebus
1448 2084 1596 2170 parmati
1617 2085 1711 2170 116616
1733 2104 1884 2148 61666616

231 2191 265 2249 61
290 2187 370 2250 16166
398 2208 533 2272 parrum
559 2187 764 2274 inpinguato,
800 2188 883 2254 horti
914 2189 1095 2271 holeribus,
1127 2175 1195 2253 oris
1225 2189 1350 2274 paucis,
1381 2188 1566 2254 Britannico
1596 2189 1744 2253 formello
1766 2194 1883 2266 utatur,

230 2287 351 2353 himina
381 2289 531 2355 Romana
557 2293 649 2356 lactis
684 2314 741 2378 pro
776 2293 951 2378 fragilitate
980 2293 1123 2379 corporis
1153 2293 1244 2358 istius
1274 2293 1340 2370 611,
1363 2294 1512 2358 16666166
1536 2313 1612 2358 1616
1635 2294 1688 2358 161
1711 2293 1879 2358 balthutae

229 2393 322 2457 lactis
345 2394 487 2458 sextario
510 2395 658 2460 Romano
686 2397 754 2461 61116
784 2399 889 2482 gratia
917 2404 951 2462 et
982 2417 1085 2482 aquae
1114 2397 1298 2482 talimpulo,
1326 2397 1353 2460 ai
1384 2397 1549 2483 operarius
1573 2403 1631 2460 est.
1678 2397 1798 2461 lectum
1820 2417 1884 2460 non

229 2497 330 2561 multo
353 2497 429 2561 1666
451 2499 639 2565 instructum
663 2501 798 2575 habeat;
831 2522 891 2587 per
913 2507 978 2565 tres
1002 2499 1267 2586 quadragesimas
1290 2499 1488 2587 superaddat
1510 2500 1641 2587 aliquid,
1665 2505 1762 2587 prout
1783 2502 1884 2565 virtus

232 2601 300 2665 eius
324 2601 498 2667 admiserit.
544 2625 673 2690 66161161
696 2625 738 2669 ex
760 2605 873 2669 intimo
897 2604 994 2670 corde
1018 2605 1137 2670 defleat
1152 2605 1281 2691 culpam
1304 2625 1405 2684 suam,
1430 2604 1672 2670 oboedientiam
1695 2625 1754 2691 pre
1777 2604 1882 2669 omni-

229 2705 289 2769 bus
319 2707 530 2772 libentissime
560 2709 718 2795 excipiat,
747 2715 821 2794 post
853 2730 971 2774 annum
1002 2715 1036 2775 61
1064 2708 1241 2774 dimedium
1270 2708 1495 2773 eucharistiam
1518 2714 1625 2773 sumat
1648 2715 1681 2772 61
1703 2708 1746 2773 ad
1768 2730 1883 2795 paoem

229 2811 352 2889 veniat,
382 2812 523 2898 psalmos
547 2834 618 2876 oum
642 2814 793 2878 fratribus
817 2819 924 2892 66661,
958 2835 997 2878 66
1022 2814 1171 2900 poenitus
1194 2813 1301 2877 anima
1332 2818 1421 2878 tanto
1445 2819 1591 2898 tempore
1616 2813 1755 2878 oaelistis
1777 2812 1882 2879 medi-

230 2914 321 2978 cinae
345 2915 494 2980 intereat.

334 3053 368 3118 81
393 3055 463 3140 quis
486 3055 636 3119 inferiore
660 3054 764 3140 gradu
787 3056 910 3140 positus
932 3054 1122 3136 monachus,
1144 3054 1195 3119 111
1219 3054 1310 3118 66616
1333 3055 1487 3138 peniteat,
1512 3053 1570 3119 sed
1593 3074 1744 3119 mensura
1766 3075 1882 3139 grave·
1926 3051 1945 3112 2

229 3162 281 3220 tur
302 3159 404 3242 panis.
451 3159 477 3222 si
500 3160 681 3244 operarius,
710 3159 885 3223 sextarium
915 3157 955 3222 de
985 3160 1070 3223 lacte
1093 3157 1276 3222 Romanurn
1306 3162 1340 3221 et
1368 3158 1466 3222 alium
1490 3157 1531 3222 de
1558 3158 1685 3222 tenucla
1709 3164 1742 3222 et
1767 3179 1885 3244 aquam

230 3258 385 3346 quantum
409 3262 547 3327 66116161
569 3284 628 3349 pro
652 3264 720 3327 sitis
743 3262 858 3327 ardore
883 3268 997 3326 sumat.

334 3397 367 3464 81
390 3421 467 3466 1616
491 3402 560 3468 6166
583 3403 731 3467 16666611
755 3409 831 3467 1616
854 3402 1015 3488 presbiter
1038 3407 1096 3466 aut
1118 3400 1273 3466 diaconus
1294 3401 1488 3486 peccaverit,
1514 3403 1596 3466 sicut
1617 3403 1793 3468 monachus
1815 3404 1884 3468 sine
1925 3397 1943 3459 3

229 3504 332 3588 gradu
354 3506 400 3570 sic
421 3508 576 3592 peniteat.

334 3643 367 3708 81
390 3650 499 3709 autem
521 3649 690 3730 peccatum
713 3645 851 3711 voluerit
874 3643 1050 3709 monachus
1073 3643 1193 3720 166616,
1216 3663 1300 3706 6666
1325 3649 1358 3708 61
1382 3642 1542 3719 dimedio;
1565 3643 1664 3708 habet
1681 3649 1790 3709 tamen
1806 3645 1884 3709 abas
1925 3647 1943 3707 4

228 3745 321 3810 huius
352 3747 400 3811 rei
429 3746 648 3812 moderandae
679 3749 882 3828 facultatem,
910 3748 936 3811 si
960 3744 1168 3811 oboedientia
1196 3745 1265 3809 eius
1287 3746 1408 3831 placita
1435 3747 1539 3811 166111
1562 3746 1624 3810 dec
1648 3753 1682 3811 et
1704 3747 1792 3811 abati
1816 3768 1884 3813 suc.

331 3884 465 3971 Antiqui
487 3891 596 3972 patres
619 3884 686 3950 XII
707 3887 887 3971 presbitero
911 3890 945 3949 et
960 3883 1026 3948 VII
1049 3882 1186 3948 diacono
1207 3883 1409 3968 penitentiae
1436 3889 1625 3948 statuerunt.
1925 3891 1944 3948 5

331 4023 508 4089 Monachus
536 4024 658 4090 furatus
688 4030 813 4089 vestem
843 4025 896 4089 161
929 4023 1069 4109 aliquam
1092 4043 1161 4088 1616
1184 4021 1218 4085 ΙΙ
1240 4022 1333 4086 66616
1361 4028 1397 4086 ut
1422 4043 1519 4107 supra
1541 4021 1705 4108 peniteat,
1733 4024 1759 4088 si
1782 4026 1886 4090 iunior
1924 4025 1944 4086 6

229 4129 283 4193 611;
315 4128 341 4191 61
364 4129 487 4210 666161,
517 4150 601 4193 6666
631 4130 768 4214 integro.
815 4129 840 4192 si
864 4149 942 4192 1616
966 4127 1143 4191 monachus
1166 4147 1232 4190 666
1255 4127 1368 4208 buerit,
1398 4147 1481 4212 eque
1505 4146 1589 4190 anno
1614 4132 1647 4190 et
1669 4126 1811 4192 maxime
1834 4129 1885 4194 III

228 4230 368 4296 XLmis.

332 4367 365 4434 81
388 4368 564 4433 monachus
588 4367 773 4433 exundante
796 4373 909 4433 166116
933 4366 1091 4432 evomerit
1113 4367 1304 4432 sacrificium
1332 4369 1365 4432 in
1387 4366 1450 4448 die,
1474 4387 1587 4432 cenam
1610 4389 1701 4432 suam
1723 4389 1788 4433 non
1808 4389 1883 4455 pre·
1925 4372 1943 4431 7

229 4479 344 4552 sumat,
369 4473 536 4537 6161666
559 4473 752 4538 infirmitatis
775 4471 971 4555 6611661111
994 4472 1320 4558 superpositionibus,
1354 4473 1381 4536 si
1402 4472 1594 4536 infirmitatis
1618 4479 1651 4537 et
1672 4493 1737 4538 non
1759 4473 1883 4538 voraci-

229 4578 304 4642 tatis
328 4597 435 4658 causa,
457 4576 527 4641 IIII
549 4576 858 4662 superpositionibus
882 4575 992 4641 deleat
1013 4578 1151 4662 culpam.

333 4714 501 4779 81661661
524 4736 589 4779 666
612 4715 811 4795 sacrificium,
836 4713 900 4779 diei
923 4715 1184 4800 superpositione
1208 4721 1241 4778 et
1264 4715 1605 4800 1161161661611611666
1629 4715 1797 4800 plectatur.
1924 4717 1943 4778 8

335 4855 369 4917 81
397 4874 474 4918 6666
503 4854 673 4938 negligens
708 4854 778 4939 quis
812 4852 1003 4917 sacrificium
1036 4852 1167 4938 aliquod
1204 4851 1335 4938 perdat,
1370 4873 1430 4937 1161
1463 4857 1528 4916 1166
1553 4851 1698 4915 'XLmas
1727 4853 1881 4936 peniteat,
1925 4854 1944 4914 9

227 4958 412 5042 relinquens
435 4954 515 5020 illud
538 4957 614 5021 loris
637 4964 670 5021 et
692 4956 821 5020 alitibus
844 4954 1076 5019 devorandum.

333 5092 366 5157 81
391 5094 460 5180 quis
483 5099 592 5158 autem
615 5094 781 5159 ebrietatis
804 5111 901 5156 causa
922 5091 1061 5177 psallere
1084 5113 1148 5156 non
1168 5096 1277 5178 potest
1300 5097 1433 5178 stupens
1454 5093 1600 5179 elinguis,
1623 5111 1707 5155 oena
1729 5093 1880 5178 privatur.
1905 5097 1942 5158 10

331 5231 475 5297 Ρ666666
499 5254 571 5297 6661
594 5230 730 5318 pecode,
754 5252 854 5296 anno:
878 5232 905 5294 si
927 5231 997 5316 ipse
1020 5231 1119 5311 solus,
1140 5229 1192 5294 ΙΠ
1215 5229 1484 5316 quadragesimas
1508 5231 1610 5297 diluat
1632 5231 1770 5316 culpam.
1905 5237 1938 5296 11

332 5373 395 5447 Qui
419 5372 701 5438 communicaverit
724 5393 744 5433 a
767 5390 824 5432 suo
849 5369 945 5434 abate
969 5370 1260 5447 excommunicato,
1277 5368 1348 5434 XL.
1905 5374 1942 5440 12

332 5510 531 5576 Mandueans
555 5511 754 5576 morticinam
778 5508 906 5590 inscius,
929 5507 999 5572 XL.
1906 5511 1941 5573 13

330 5639 458 5677 cunamen
476 5639 512 5677 111.
