4554 6316
360 371 421 432 324
1120 363 1238 418 suune

381 542 443 605 603
462 538 650 604 antichristi
679 537 848 603 confestim
879 543 1077 623 sequeretur.
1128 535 1220 602 Nunc
1250 543 1357 602 autem
1388 539 1463 624 quia
1493 543 1568 602 ante
1600 545 1854 603 consummatum
1880 547 2014 626 tempus

464 642 697 728 persecutionis
720 642 803 706 illius
827 641 896 706 dies
919 640 1027 705 iudicii
1050 662 1115 706 non
1137 642 1255 723 veniat,
1279 642 1360 706 scire
1384 642 1531 706 omnibus
1554 642 1645 706 licet:
1670 649 1744 727 post
1760 649 1913 729 quantum
1932 665 2014 710 vero

464 754 591 832 tempus
625 751 864 810 consummatae
902 743 1046 810 eiusdem
1081 745 1314 832 persecutionis
1349 751 1500 811 venturus
1531 746 1585 826 sit,
1616 746 1735 810 nemini
1769 769 1899 832 prorsus
1929 749 2014 813 scire

463 849 656 914 conceditur.
713 849 851 935 denique
885 848 1045 934 propheta
1079 848 1236 931 Danihel,
1270 851 1323 935 qui
1356 869 1491 935 regnum
1521 848 1708 914 antichristi
1742 851 1827 914 mille
1863 851 2013 918 ducentis

422 979 434 1016 s
461 954 638 1038 nonaginta
665 951 779 1016 diebus
809 953 950 1016 futurum
982 952 1144 1034 describit,
1175 954 1221 1017 ita
1251 952 1425 1017 concludit:
1455 953 1569 1016 beatus
1598 954 1651 1038 qui
1681 963 1851 1040 exspectat
1875 964 1908 1020 ct
1930 979 2008 1043 pcr-

461 1057 550 1120 venit
577 1054 618 1120 ad
647 1056 716 1120 dies
741 1057 829 1121 mille
854 1055 1081 1121 CCCXXXV.
1132 1056 1220 1143 quod
1246 1055 1453 1121 Hieronimus
1484 1057 1531 1121 ita
1559 1058 1707 1142 exponit:
1736 1056 1867 1142 beatus,
1895 1063 2010 1146 inquit,

462 1162 515 1246 qui
542 1161 712 1226 interfecto
737 1161 934 1225 Antichristo
959 1181 1055 1246 supra
1082 1161 1171 1225 mille
1194 1159 1309 1225 GOXO
1333 1160 1416 1240 dies,
1440 1159 1473 1224 id
1497 1167 1561 1242 cst,
1592 1167 1657 1224 tres
1685 1163 1782 1225 semis
1805 1184 1914 1244 annos,
1939 1164 2012 1229 dies

461 1263 555 1329 XLV
577 1265 782 1351 prestulatur,
814 1264 928 1350 quibus
960 1271 1010 1329 est
1037 1264 1183 1330 dominus
1213 1272 1311 1350 atque
1342 1265 1483 1329 salvator
1510 1265 1542 1328 in
1570 1285 1627 1328 sua
1650 1266 1821 1332 maiestate
1844 1275 2010 1334 venturus.

462 1390 561 1455 quare
585 1374 694 1433 autem
716 1374 790 1454 post
812 1369 1070 1434 interfectionem
1086 1368 1275 1433 Antichristi
1292 1367 1352 1433 XL
1376 1374 1409 1432 et
1428 1367 1458 1431 V
1482 1366 1606 1433 dierum
1630 1370 1791 1434 silentium
1814 1372 1863 1454 sit,
1881 1370 2011 1436 divinae

408 1499 433 1538 ιο
459 1474 612 1538 scientias
636 1479 695 1554 eat,
718 1473 778 1536 nisi
805 1472 888 1537 forte
913 1471 1071 1538 dicamus:
1100 1472 1210 1538 dilatio
1243 1473 1335 1559 regni
1364 1479 1546 1538 sauctorum
1577 1474 1753 1559 patientiae
1777 1475 1925 1560 probatio
1950 1483 2011 1541 eat.

381 1667 443 1728 604
1039 1661 1144 1728 Lxx.
1170 1661 1222 1728 De
1246 1661 1298 1727 die
1320 1662 1439 1727 iudicii.

461 1783 624 1848 Adveniet
647 1789 754 1848 autern
779 1783 849 1848 dies
875 1782 996 1848 domini
1017 1784 1099 1847 sicut
1121 1783 1184 1865 fur,
1208 1783 1299 1867 quia,
1322 1783 1494 1868 sicutipse
1518 1787 1668 1864 testatur,
1697 1787 1857 1850 nescimus
1880 1788 2011 1874 quando

465 1888 582 1970 ueniat,
599 1908 671 1952 sero
695 1908 735 1951 an
758 1887 866 1952 media
889 1895 983 1953 nocte
1006 1908 1048 1951 an
1069 1887 1147 1972 galli
1170 1892 1266 1951 cantu
1289 1908 1329 1951 an
1353 1907 1457 1951 mane.
1496 1887 1527 1950 in
1551 1908 1614 1972 quo
1638 1889 1729 1966 caeli,
1752 1891 1863 1977 inquit,
1886 1913 2008 1980 magno

462 1991 585 2077 impetu
616 1993 788 2073 transient,
817 1991 979 2056 elementa
1008 2010 1085 2054 vero
1115 2011 1134 2055 a
1163 1990 1270 2055 calore
1301 1991 1474 2055 solventur.
1527 1991 1582 2076 qui
1614 2000 1723 2055 autem
1753 1995 1815 2058 sint
1845 1996 1926 2060 caeli
1956 1999 2011 2083 qui

424 2119 435 2156 s
464 2096 629 2178 transient,
653 2097 749 2182 paulo
774 2097 919 2183 superius
943 2095 1041 2159 docet
1062 2094 1150 2159 idem
1173 2093 1337 2182 apostolus
1352 2093 1471 2159 Petrus
1495 2093 1618 2159 dicens:
1643 2097 1725 2160 caeli
1750 2108 1842 2163 erant
1865 2102 1952 2186 prius
1976 2110 2011 2166 et

464 2205 550 2264 terra
582 2199 622 2264 de
657 2221 742 2286 aqua
775 2207 808 2264 et
836 2221 895 2286 per
923 2221 1041 2287 aquam
1070 2199 1247 2264 consistens
1276 2199 1375 2264 verbo
1408 2198 1475 2281 dei,
1504 2219 1563 2285 per
1591 2219 1673 2285 quae
1696 2201 1751 2266 ille
1776 2209 1850 2267 tune
1873 2205 2011 2270 mundus

462 2304 566 2388 periit.
612 2304 694 2369 caeli
718 2311 826 2369 autem
851 2307 904 2390 qui
927 2326 1010 2369 nunc
1033 2310 1106 2368 sunt
1130 2309 1164 2368 et
1186 2310 1272 2368 terra
1296 2303 1412 2368 eodem
1436 2301 1536 2367 verbo
1560 2305 1693 2388 repositi
1715 2313 1789 2370 sunt
1811 2308 1878 2393 igni
1901 2329 2009 2374 reser—
2089 2293 2093 2298 ¹

463 2408 529 2471 vati
550 2408 584 2472 in
607 2408 660 2473 die
682 2409 800 2474 iudicii.
845 2430 910 2474 non
933 2430 1010 2495 ergo
1034 2410 1270 2474 firmamentum
1295 2410 1394 2490 caeli,
1417 2409 1450 2473 in
1480 2430 1543 2495 quo
1571 2407 1678 2473 sidera
1706 2409 1771 2474 fixa
1802 2413 2010 2486 circumeunt.

464 2531 527 2574 non
551 2511 675 2576 caelum
700 2513 894 2595 aetherium,
926 2513 988 2578 hoc
1024 2519 1073 2576 eat
1099 2513 1195 2578 inane
1222 2511 1301 2577 illud
1329 2513 1504 2577 maximum
1523 2531 1554 2575 ‘a
1576 2513 1666 2578 caelo
1691 2512 1817 2580 sidereo
1840 2537 1941 2602 usque
1966 2518 2009 2583 ad

414 2638 438 2677 ιο
464 2635 542 2679 aera
571 2615 805 2694 turbulentum,
833 2617 866 2680 in
895 2637 958 2702 quo
981 2637 1061 2703 puro
1085 2623 1119 2682 et
1142 2618 1251 2702 quieto
1276 2616 1474 2702 diurnaeque
1496 2617 1576 2681 lucis
1600 2637 1728 2704 semper
1750 2619 1845 2704 pleno
1870 2625 2012 2688 errantia

465 2725 592 2804 septem
616 2718 722 2784 sidera
745 2739 830 2805 vaga
852 2720 929 2784 ferri
952 2719 1135 2786 creduntur.
1180 2719 1240 2784 aed
1262 2722 1389 2785 caelum
1412 2721 1474 2784 hoc
1498 2721 1631 2801 aerium,
1654 2720 1688 2784 id
1712 2729 1761 2785 est
1776 2729 1882 2789 terrae
1898 2729 2010 2812 proxi-

464 2844 562 2905 mum,
588 2844 607 2888 a
630 2845 693 2910 quo
717 2845 794 2889 aves
818 2825 915 2906 caeli,
939 2823 1025 2910 quod
1047 2825 1080 2889 in
1104 2845 1143 2888 eo
1166 2825 1287 2906 volent,
1310 2824 1530 2910 appellantur,
1554 2823 1642 2909 quod
1664 2845 1750 2910 equa
1773 2828 1933 2912 quondam
1961 2831 2010 2896 di-

464 2928 540 2992 luvii
563 2928 679 2992 deletis
701 2928 907 2993 terrestribus
929 2926 1186 2993 transcendendo
1210 2927 1361 3016 perdidit,
1385 2928 1447 2992 hoc
1469 2928 1552 3013 ignis
1576 2931 1714 2994 extremi
1736 2929 1846 2997 iudicii
1862 2934 2008 3000 eiusdem

383 3037 445 3095 605
464 3051 633 3097 mensurae
667 3033 771 3118 spatio
806 3052 1012 3118 procrescens
1045 3031 1233 3120 occupando
1268 3030 1443 3118 disperdet.
1497 3031 1566 3096 Nec
1595 3033 1665 3096 sola
1693 3033 1775 3098 haee
1806 3036 1896 3102 beati
1919 3038 2010 3104 Petri

463 3136 639 3215 sententia,
663 3156 726 3221 qua
748 3137 820 3200 illos
844 3136 921 3201 dicit
943 3137 1053 3202 caelos
1075 3137 1143 3222 igni
1162 3135 1270 3201 iudicii
1293 3135 1493 3222 perdendos,
1517 3137 1570 3221 qui
1594 3157 1678 3223 aqua
1702 3136 1812 3203 diluvii
1833 3141 2008 3226 perierant,

464 3245 601 3305 testetur
627 3239 789 3306 sidereum
819 3242 945 3306 caelum
972 3243 1040 3328 igni
1070 3243 1125 3306 illo
1155 3242 1301 3327 quamvis
1334 3243 1475 3305 maximo
1505 3261 1570 3304 non
1599 3261 1672 3305 esse
1705 3242 1920 3327 tangendum,
1952 3246 2011 3311 sed

465 3345 561 3408 ctiam
586 3344 707 3411 domini
729 3366 836 3411 sermo
860 3346 914 3433 qui
937 3346 1027 3411 dicit:
1051 3346 1160 3411 statim
1184 3352 1294 3410 autem
1317 3351 1391 3432 post
1413 3344 1655 3410 tribulationem
1671 3344 1795 3410 dierum
1811 3348 1938 3412 illorum
1961 3353 2009 3417 sol

423 3475 435 3513 s
464 3448 687 3513 obscurabitur
719 3456 752 3513 et
781 3451 857 3514 luna
888 3471 952 3514 nou
983 3449 1073 3514 dabit
1094 3450 1205 3514 lumen
1228 3470 1319 3513 suum
1351 3456 1384 3513 et
1415 3449 1528 3514 stellae
1552 3447 1670 3513 cadent
1692 3449 1733 3513 de
1757 3452 1857 3516 coelo.
1903 3473 2010 3539 neque

464 3553 550 3617 enim
572 3554 621 3618 sol
645 3553 818 3635 obscurari,
841 3555 917 3619 luna
940 3575 997 3618 suo
1021 3555 1141 3619 lumine
1165 3554 1298 3640 privari,
1321 3553 1435 3618 stellae
1458 3559 1610 3639 poterunt
1634 3551 1751 3618 cadere
1786 3554 1826 3619 de
1851 3558 1959 3640 caelo,
1984 3561 2010 3623 si

463 3659 589 3722 caelum
610 3659 725 3744 ipsum,
748 3660 836 3723 locus
860 3659 1012 3723 videlicet
1034 3679 1157 3740 eorum,
1181 3658 1247 3743 igni
1270 3664 1416 3721 voratum
1441 3657 1596 3740 transibit.
1641 3677 1724 3721 nuuc
1747 3665 1856 3724 autem
1881 3662 2007 3728 caelum

465 3762 594 3847 quidem
618 3782 749 3826 aereum
773 3763 839 3848 igni
862 3769 1051 3845 marcescet,
1075 3761 1237 3826 sidereum
1261 3760 1406 3825 manebit
1429 3761 1575 3824 inlesum.
1620 3780 1716 3844 porro
1734 3761 1841 3827 sidera
1858 3764 2008 3830 obseura-

463 3865 582 3929 buntur
603 3887 667 3929 non
690 3887 747 3931 suo
770 3867 890 3931 lumine
906 3873 1052 3948 vacuata,
1076 3864 1135 3930 sed
1157 3866 1286 3930 maioris
1302 3865 1333 3928 vi
1355 3864 1482 3928 luminis
1505 3862 1548 3926 ad
1570 3862 1743 3928 adventum
1769 3869 1898 3953 superni
1922 3868 2010 3934 iudi·

412 3994 437 4033 ιο
465 3970 526 4053 cis,
556 3990 596 4033 ne
627 3967 797 4033 uideantur
824 3969 969 4050 obtecta,
1001 3968 1088 4054 quod
1114 3969 1147 4033 in
1178 3969 1240 4033 hac
1262 3969 1329 4033 vita
1354 3969 1462 4032 lunam
1493 3967 1667 4052 stellasque
1697 3989 1808 4034 omncs
1838 3975 2007 4059 apotiore

464 4073 583 4137 lumine
607 4073 682 4136 solis
702 4072 842 4137 interdiu
866 4073 934 4159 pati
956 4073 1076 4137 cunctis
1098 4074 1131 4136 in
1154 4080 1283 4159 promtu
1306 4079 1365 4136 eat.
1411 4093 1482 4136 cum
1499 4078 1609 4135 autem
1633 4079 1764 4158 peraeto
1780 4075 1897 4140 iudicio
1915 4077 2012 4142 luerit

466 4178 591 4240 caelum
614 4198 732 4241 novum
756 4182 789 4240 et
811 4183 898 4240 terra
920 4195 1019 4258 nova,
1042 4175 1076 4241 id
1099 4183 1150 4240 est
1173 4196 1237 4240 non
1260 4177 1324 4240 alia
1345 4197 1403 4263 pro
1433 4176 1518 4257 aliis,
1541 4175 1600 4239 sed
1621 4175 1702 4240 hacc
1725 4178 1796 4264 ipsa
1818 4181 2007 4266 perignem

463 4282 616 4345 innovata
651 4286 683 4344 et
713 4281 803 4367 qussi
839 4279 978 4365 quadam
1012 4281 1254 4344 resurrectionis
1285 4281 1401 4344 uirtute
1433 4280 1613 4365 glorificata
1640 4280 1828 4366 claruerint,
1860 4290 1952 4366 tuuc,
1977 4293 2012 4349 ut

463 4383 568 4449 Isaiae
599 4383 777 4471 praedixit,
804 4384 865 4448 erit
892 4383 948 4447 lux
978 4383 1074 4447 lunae
1102 4384 1183 4448 sicut
1213 4385 1270 4448 lux
1300 4385 1375 4448 solis
1406 4390 1439 4449 et
1468 4384 1524 4448 lux
1552 4385 1627 4448 solis
1655 4387 1909 4471 septempliciter
1930 4390 2013 4453 sicut

382 4492 445 4553 606
463 4489 520 4552 lun
547 4495 675 4577 septem
703 4488 836 4553 dierum.
889 4486 984 4561 Quod
1007 4495 1117 4552 autem
1145 4487 1308 4552 Iohannes
1339 4489 1371 4551 in
1400 4489 1586 4575 apocalypsi
1609 4508 1680 4552 curn
1704 4488 1856 4554 dixisset:
1890 4497 1923 4554 et
1945 4491 2011 4557 vidi

464 4594 590 4658 caelum
620 4615 737 4659 novum
767 4599 801 4658 et
828 4600 946 4657 terram
969 4612 1101 4657 novam:
1133 4593 1270 4677 primum
1295 4593 1379 4656 enim
1403 4593 1528 4656 caelum
1553 4597 1586 4655 et
1609 4594 1712 4677 prima
1737 4600 1822 4657 terra
1845 4594 2009 4658 abierunt:

464 4697 620 4780 adiunxit,
644 4704 741 4784 atque
766 4698 824 4761 ait:
849 4703 883 4761 et
904 4716 993 4760 marc
1015 4697 1080 4760 iam
1102 4716 1168 4760 non
1190 4703 1249 4778 eat,
1273 4703 1379 4759 utrum
1402 4697 1544 4760 maximo
1561 4696 1616 4760 illo
1633 4695 1748 4760 ardore
1765 4698 1902 4762 siccetur
1918 4719 2007 4762 mare

464 4823 504 4866 an
529 4809 563 4866 et
583 4803 687 4888 ipsum
704 4808 848 4868 vertatur
870 4802 902 4865 in
925 4801 1049 4883 melius,
1073 4822 1136 4864 non
1158 4801 1252 4865 facile
1275 4806 1375 4886 patet.
1422 4801 1545 4864 caelum
1564 4801 1683 4886 quippe
1707 4821 1824 4865 novum
1843 4809 1876 4866 et
1892 4808 2011 4867 terram

428 4931 439 4968 s
468 4927 599 4987 novam,
632 4927 696 4970 non
727 4912 852 4986 autem,
883 4910 917 4969 st
946 4925 1035 4968 mare
1063 4925 1180 4968 novum
1213 4905 1337 4989 uspiam
1360 4904 1497 4989 legimus
1530 4904 1680 4967 futurum.
1725 4925 1800 4968 nam
1824 4912 1860 4968 et
1882 4907 2009 4991 typicae

463 5015 571 5094 potest
592 5011 739 5095 intellegi
769 5008 856 5096 quod
879 5008 998 5074 dictum
1022 5015 1085 5073 eat:
1117 5015 1150 5072 et
1177 5027 1265 5072 mare
1288 5007 1353 5071 iam
1376 5028 1440 5071 non
1464 5012 1527 5089 eat,
1557 5007 1632 5092 quia
1663 5008 1727 5071 iam
1759 5015 1834 5072 tunc
1861 5011 2011 5073 nouerit

365 5116 385 5121 -
393 5117 500 5123 ..Μ-
531 5119 774 5126 ,Μὴ-..-

464 5185 545 5237 FHO

463 5305 547 5372 003,6
564 5308 597 5359 ed
615 5307 747 5360 diebuaF
805 5320 830 5359 ιο
847 5307 1014 5375 pacientiaF
1080 5304 1161 5368 604‚1
1180 5303 1331 5357 lxuiiiiHO
1399 5304 1546 5357 taom.O
1615 5302 1713 5356 suutF
1771 5299 1878 5369 aquae]
1897 5303 2016 5369 quemF

361 5403 477 5446 sautem
495 5393 602 5446 ΜΡ·
671 5393 906 5446 scueueuntFH
967 5391 1061 5460 anon]
1080 5391 1182 5444 namF
1230 5393 1328 5444 aerium
1341 5390 1383 5441 F’
1445 5404 1469 5442 ro
1487 5391 1575 5443 araH
1632 5403 1657 5442 rs
1674 5389 1873 5442 transcendoH
1920 5391 1973 5455 igni
1988 5390 2017 5441 F

359 5477 441 5544 605st
459 5476 513 5546 qui]
533 5481 639 5546 quiaH
722 5495 803 5532 anon
822 5497 870 5532 cm.
884 5479 913 5530 F
1004 5479 1216 5546 spotueruntH
1302 5475 1472 5528 ruasiuitF
1557 5477 1707 5528 caldarium
1721 5477 1749 5528 F
1828 5490 1852 5528 ιο
1869 5485 1885 5527 a
1903 5475 2012 5544 potiore]

360 5566 500 5633 aptioreH
507 5569 515 5598 ¹
606 5581 629 5619 u
647 5568 771 5620 omiasF
887 5565 969 5633 606st
987 5583 1084 5618 nouum
1103 5565 1192 5618 csaF
1257 5573 1326 5616 terra
1344 5583 1391 5615 our.
1412 5563 1443 5614 H
1448 5563 1455 5594 ¹
1553 5572 1608 5616 aet
1626 5563 1715 5614 onuF
1809 5577 1891 5614 enon
1909 5562 2012 5617 orit-F¹

360 5661 415 5704 tat
433 5651 511 5718 usare]
531 5653 638 5705 ruureF
703 5673 800 5707 nouum
818 5670 866 5706 cm.
881 5653 925 5703 H·
1000 5666 1081 5704 onon
1100 5655 1151 5705 iarn
1170 5652 1273 5705 tuncF
