4598 6300
389 355 450 416 208
1014 344 1186 402 HISTORIA
1208 343 1423 399 BRITTONVM

506 519 734 586 HISTORIA
755 516 972 585 BRITTON
976 518 1050 583 VM.

389 647 529 731 regionis
562 645 595 707 in
630 644 718 709 bello
753 643 904 710 Oatsoaul
941 665 1013 708 eum
1047 665 1166 729 magna

390 748 481 813 clade
506 747 668 812 exereitus
691 748 748 811 sui.
795 748 921 833 Osguid
956 747 1039 812 iilius
1066 747 1164 812 Eadl-

390 852 452 917 in'd
484 851 634 936 regnarit
667 851 780 936 viginti
811 858 884 916 ooto
920 851 1011 916 annis
1039 856 1072 916 et
1107 873 1167 916 sex

390 955 564 1020 mensibus.
612 954 687 1018 dum
702 954 773 1039 ipse
789 955 959 1041 regnabat,
976 955 1066 1018 venit
1080 977 1166 1019 mor-

351 1076 363 1115 ⁵
392 1058 499 1124 talites
514 1058 680 1122 hominum
698 1055 887 1142 Ostgualsrt
902 1063 1062 1143 regnante
1079 1057 1166 1144 apud

390 1162 555 1227 Brittones
590 1167 665 1247 post
697 1167 824 1247 patrem
865 1182 958 1226 suum
992 1167 1026 1226 at
1058 1162 1090 1226 in
1127 1183 1167 1225 ea

391 1266 496 1352 periit.
543 1266 667 1350 etipse
692 1265 809 1329 occidit
833 1266 961 1330 Panthu
989 1265 1021 1330 in
1051 1286 1166 1351 eampo

392 1368 454 1434 Gai
477 1373 511 1432 et
538 1388 620 1432 nune
643 1367 730 1432 faeta
753 1375 803 1433 est
825 1375 951 1454 strages
975 1368 1037 1434 Gai
1060 1370 1166 1454 esmpi

392 1478 426 1537 et
453 1493 549 1557 reges
577 1471 760 1535 Brittonum
796 1471 959 1536 interfecti
993 1477 1081 1551 sunt,
1113 1475 1167 1557 qui

342 1593 366 1632 1⁰
394 1577 544 1640 exierant
565 1596 637 1638 eum
660 1595 738 1659 rege
760 1575 888 1639 Pantha
908 1576 941 1640 in
958 1573 1166 1661 expeditione

393 1699 495 1765 usque
520 1676 562 1741 ad
584 1677 708 1758 urbem,
733 1699 816 1762 quae
840 1685 974 1744 vocatur
996 1677 1110 1742 Iudeu.

342 1785 377 1837 65
461 1781 552 1846 Tune
574 1780 716 1845 reddidit
740 1781 864 1868 Osguid
894 1767 1167 1862 omnes-divitias,

395 1907 478 1972 quae
515 1891 607 1948 erant
642 1907 714 1949 oum
749 1907 788 1950 eo
818 1889 852 1951 in
878 1887 975 1968 urbe,
1005 1906 1109 1970 usque
1138 1886 1171 1948 in

394 2009 493 2055 manu
508 1987 640 2052 Pendae
661 1994 694 2052 et
709 1988 823 2053 Panda
838 1989 1000 2054 distribuit
1023 2009 1064 2053 ea
1083 1989 1170 2073 regi-

345 2109 368 2149 15
396 2091 457 2156 bus
470 2091 662 2172 Brittonum,
678 2091 712 2155 id
732 2097 781 2155 est
799 2091 920 2157 Atbret
937 2092 1050 2156 Iudeu.
1085 2091 1173 2156 solus

395 2201 505 2261 autem
529 2193 700 2279 Oatgabail
723 2215 782 2259 rex
799 2194 1013 2260 Guenedotae
1029 2195 1173 2280 regionis

395 2321 469 2365 eum
501 2297 646 2362 exercitu
676 2318 733 2362 suo
764 2299 868 2362 evasit
896 2296 937 2362 de
965 2305 1061 2362 noete
1095 2319 1172 2364 oon·
1294 2359 1297 2368 .

397 2423 541 2488 surgens,
566 2406 762 2487 quapropter
776 2407 909 2466 vocatus
933 2407 983 2466 est
999 2400 1171 2487 Oatgabail

398 2504 646 2591 Gatguommed.
691 2503 827 2590 Idogfrid
856 2505 938 2569 filius
969 2504 1071 2570 Osbiu
1097 2526 1173 2591 reg-

346 2625 372 2666 20
399 2610 488 2675 nevit
524 2628 641 2672 novem
675 2608 775 2671 annis.
834 2609 867 2673 in
904 2614 1052 2694 tempore
1088 2609 1173 2674 iilius

399 2719 527 2778 sanetus
551 2710 696 2776 Oudbert
719 2713 889 2798 episeopus
912 2713 991 2778 obiit
1013 2713 1173 2777 ininsula

400 2816 563 2881 Medeaut.
608 2816 678 2901 ipse
695 2821 745 2880 est
761 2816 815 2902 qui
831 2815 908 2880 feeit
923 2816 1044 2881 bellum
1062 2823 1172 2881 eontra

400 2921 509 2985 Pictos
533 2925 567 2983 et
589 2920 708 2985 corruit
729 2919 784 2985 ibi.

464 3023 578 3088 Panda
611 3023 694 3087 filius
727 3022 843 3109 Pybba
876 3023 1025 3109 regnavit
1059 3022 1173 3088 decem

348 3141 372 3182 ²⁶
400 3129 501 3192 annis.
566 3127 636 3212 ipse
674 3127 795 3212 primus
838 3128 1002 3213 separavit
1038 3148 1173 3212 regnum

400 3231 594 3296 Mereiorum
624 3251 768 3316 arogno
792 3229 975 3295 Nordorum
999 3237 1032 3295 et
1057 3230 1174 3294 Onnan

399 3355 511 3418 regem
542 3332 828 3419 Essteranglorum
863 3340 896 3398 et
932 3341 1076 3399 sanetum
1112 3334 1174 3397 Os·

401 3436 539 3501 waldum
562 3457 674 3521 regem
690 3437 874 3500 Nordorum
892 3437 1008 3502 oeoidit
1031 3459 1090 3522 per
1112 3436 1171 3501 do-

401 3543 477 3606 lum.
522 3543 591 3627 ipse
621 3541 698 3604 feeit
723 3540 845 3604 bellum
877 3540 1026 3626 Coeboy,
1054 3541 1173 3625 inquo

350 3659 376 3698 ³⁰
404 3646 520 3711 eeeidit
542 3644 635 3708 Eous
663 3645 746 3709 filius
769 3644 875 3730 Pippa
902 3644 1003 3709 frater
1026 3643 1094 3708 eius
1116 3664 1176 3708 rex

401 3749 594 3814 Marciorum
623 3755 656 3812 et
686 3745 819 3812 Oswald
849 3768 908 3810 rex
936 3744 1119 3812 Nordorum
1144 3756 1177 3811 et

400 3855 471 3938 ipse
506 3853 607 3916 vietor
639 3852 699 3915 fuit
733 3871 792 3935 per
830 3849 1022 3914 diabolicam
1061 3857 1175 3916 artem.

401 3975 466 4018 non
490 3961 559 4018 erat
581 3955 761 4040 baptizatus
783 3959 815 4018 et
830 3973 1006 4038 numquam
1027 3952 1089 4018 deo
1106 3975 1176 4018 ere-

404 4057 493 4122 didit.

507 4353 566 4405 HK

505 4473 686 4544 boatgunlatr
699 4476 729 4526 K
828 4473 916 4543 8gai]
934 4473 1021 4543 gitiK
1123 4471 1156 4526 14
1173 4472 1263 4542 manu]
1282 4475 1420 4528 maneuH
1523 4473 1677 4528 museum
1690 4474 1721 4526 K
1820 4473 1853 4527 21
1872 4469 1988 4540 eadbert]
2003 4473 2057 4539 11¹,

403 4563 517 4616 cudberd
529 4563 564 4628 K,
582 4563 722 4616 audbertus
735 4560 782 4612 Hb
846 4570 908 4627 port
925 4562 1059 4630 episeopus
1077 4561 1224 4629 interponet
1241 4563 1306 4615 iubet
1325 4561 1436 4614 Zimmer
1448 4577 1479 4627 p.
1492 4565 1526 4614 96
1589 4561 1616 4613 in
1634 4578 1683 4614 ont.
1697 4561 1746 4612 H·
1836 4557 1871 4614 25
1888 4558 2062 4628 separauitK
