4598 6300
916 307 1037 363 nanas
1055 307 1250 364 canonica
1849 309 1911 372 245

356 482 481 547 Bedam
505 489 669 547 auctorem
700 483 955 568 grammatistam
982 489 1015 546 et
1039 502 1135 569 supra
1159 488 1300 546 aetatem
1325 481 1485 545 eruditum
1508 482 1541 546 iu
1563 479 1820 567 orthographicis
1843 479 1910 542 evi-

253 593 339 651 tasse
368 588 525 674 pleraque
557 586 719 652 scribendi
741 587 820 652 vitia
850 607 890 651 ea
924 592 1033 651 aetate
1067 586 1214 672 vulgaria
1236 592 1272 650 ut
1294 585 1368 650 hinc
1390 590 1543 672 apparet,
1570 585 1603 649 id
1629 587 1734 673 ipsum
1758 584 1856 649 etiam
1878 583 1911 647 in

252 691 410 755 chronicis
439 691 556 756 nostris
583 690 624 754 ab
654 710 693 754 eo
722 690 842 755 factum
874 709 946 754 esse
969 690 1139 777 probabile
1164 695 1229 768 est,
1254 710 1449 776 quamquam
1471 690 1541 755 lieri
1563 695 1686 775 potest,
1709 687 1799 754 utin
1821 687 1910 752 hisce

252 794 373 880 passim
396 801 525 859 secutus
548 794 590 859 sit
613 792 741 858 codices
763 793 866 879 magia
891 800 1058 858 auctorum
1083 813 1103 857 a
1131 812 1167 857 se
1191 793 1409 880 expilatorem
1432 813 1529 878 quam
1552 793 1711 858 rationem
1735 798 1769 856 et
1790 794 1909 876 legem.

252 903 286 960 at
308 903 495 962 neutrorum
519 897 741 963 chronicorum
765 897 908 962 codicem
931 897 1017 962 nacti
1040 917 1149 962 sumus
1170 895 1430 982 Cantabrigiensi
1452 897 1499 962 illi
1521 896 1788 984 comparabilem
1810 896 1909 960 immo

252 1019 363 1066 eorum
388 1022 468 1087 quos
489 1001 660 1066 habuimus
684 1000 824 1065 omnium
847 1000 968 1065 librarii
991 1021 1083 1064 suam
1101 1020 1208 1065 rerum
1225 1000 1509 1085 grammaticarum
1524 999 1671 1064 notitiam
1687 999 1792 1084 magis
1807 999 1910 1063 secuti

251 1103 402 1170 videntur
429 1126 501 1169 esse
530 1125 627 1190 quam
657 1103 825 1190 archetypi
852 1104 1111 1191 orthographica.
1166 1103 1318 1190 equidem
1345 1105 1377 1168 iu
1405 1103 1467 1168 bac
1496 1101 1638 1167 editione
1661 1102 1911 1188 orthographica

252 1211 390 1275 formavi
410 1208 452 1273 ad
469 1208 613 1274 codicem
635 1209 720 1272 inter
741 1215 867 1273 nostros
889 1209 1202 1294 praestantissimum
1221 1207 1260 1271 ll
1276 1207 1332 1288 ita,
1356 1214 1392 1272 ut
1413 1208 1570 1293 pleraque
1594 1207 1709 1271 vitiosa
1725 1206 1909 1287 retinerem,

250 1314 307 1378 ubi
329 1320 438 1379 autem
467 1313 508 1378 ab
540 1333 579 1377 eo
608 1311 823 1395 discederem,
854 1313 950 1378 lectio
980 1314 1013 1378 in
1036 1320 1227 1400 apparatum
1250 1312 1440 1394 referretur,
1471 1333 1666 1400 quamquam
1689 1312 1758 1376 eius
1781 1331 1909 1398 quoque

251 1417 388 1505 scriptor
417 1438 509 1482 suam
538 1417 643 1503 magis
675 1416 939 1503 orthographiam
967 1418 1119 1505 proponit
1149 1438 1245 1504 quam
1277 1416 1459 1498 Bedanam,
1484 1437 1556 1481 cum
1578 1417 1770 1500 praesertim
1792 1435 1908 1502 saepe·

252 1543 386 1587 numero
420 1522 577 1609 scriptura
614 1521 659 1586 ibi
693 1522 873 1608 reperiatur
905 1527 1039 1607 propter
1078 1521 1344 1608 orthographiam
1379 1521 1420 1586 ab
1455 1521 1526 1607 ipso
1559 1519 1689 1584 librario
1727 1519 1909 1585 emendata.

250 1626 375 1689 numeri
399 1645 527 1711 quoque
542 1631 579 1688 ut
593 1625 745 1709 leguntur
759 1625 791 1688 in
814 1623 936 1706 codice,
954 1625 1097 1712 exempli
1113 1645 1211 1690 causa
1227 1647 1254 1689 c.
1272 1628 1323 1706 27,
1340 1629 1359 1689 6
1384 1624 1507 1689 duobus
1522 1645 1580 1710 pro
1596 1623 1731 1701 duabsu,
1754 1646 1780 1688 c.
1802 1626 1871 1705 128,
1895 1628 1903 1686 Ι

250 1734 359 1792 sestias
386 1749 445 1815 pro
475 1732 578 1806 secto,
607 1748 650 1792 ex
672 1728 848 1815 archetypo
871 1729 955 1793 notis
978 1729 1097 1814 scripto
1120 1750 1140 1792 a
1162 1728 1293 1793 librario
1324 1729 1370 1793 ita
1392 1728 1507 1793 litteris
1530 1727 1677 1813 expressi
1700 1733 1782 1792 sunt.
1827 1728 1906 1791 item

251 1830 401 1898 codexO
431 1830 518 1918 quod
541 1832 610 1897 eius
633 1825 753 1900 saebuli
781 1852 906 1897 errores
936 1833 1109 1920 plerosque
1139 1833 1254 1912 evitat,
1285 1832 1413 1896 omnino
1445 1830 1486 1896 ad
1509 1831 1675 1896 librarium
1698 1831 1802 1916 magis
1825 1830 1909 1895 redit

251 1955 347 2021 quam
372 1934 414 2001 ad
437 1935 657 2022 archetypum.
708 1936 845 2024 apposui
868 1937 995 2024 potiora
1019 1957 1061 2001 ex
1084 1935 1248 2001 codicibus
1263 1934 1361 2001 ΗΘΒ
1383 1955 1588 2023 nequaquam
1612 1936 1719 2022 plena,
1743 1932 1802 2000 sed
1824 1954 1907 2020 quae

251 2037 379 2104 abunde
403 2041 518 2128 opinor
538 2041 714 2116 sufficiant;
740 2040 992 2128 orthographica
1015 2040 1213 2105 deteriorum
1235 2039 1351 2126 sprevi.

355 2179 406 2227 ac
428 2166 462 2227 st
484 2180 523 2228 e:

406 2285 428 2330 e
449 2286 507 2353 pro
531 2284 597 2332 aa:

457 2367 498 2432 Η
513 2369 643 2451 passim

459 2470 598 2537 Oruros
618 2473 823 2554 reperiuntur
844 2495 978 2539 erumna
999 2479 1029 2538 ct
1051 2495 1207 2540 aerumna
1230 2510 1268 2520 —
1294 2470 1455 2537 cedes-
1480 2471 1604 2536 Grecos
1624 2469 1750 2552 passim
1773 2504 1812 2515 -
1836 2465 1906 2531 He-

560 2575 667 2658 breus,
690 2575 851 2659 Mathsus,
875 2576 1040 2643 Ohaldous
1061 2576 1241 2659 similiaque
1255 2613 1297 2623 -
1313 2575 1475 2641 hereticus
1490 2595 1610 2656 semper
1626 2611 1666 2622 -
1683 2571 1850 2666 Palestinae
1867 2606 1906 2617 -

558 2701 653 2767 pens.
676 2717 719 2729 —
741 2686 822 2748 recta
844 2702 968 2769 preces.

459 2783 492 2848 R
507 2785 643 2869 passim.

406 2906 457 2954 ae
479 2910 537 2976 pro
560 2907 597 2955 e:

457 2991 497 3056 H
508 2993 650 3073 passim:
672 2993 845 3059 facillimae
869 3033 910 3041 —
933 2995 1057 3058 salutae
1085 3031 1121 3039 —
1149 2993 1326 3078 aequitem,
1349 2991 1404 3055 sed
1418 2990 1606 3072 plerumque
1628 3010 1648 3052 a
1670 2985 1874 3068 eapunys'tar.

460 3092 502 3159 0.·
525 3116 659 3160 caereus
687 3134 729 3143 -
759 3101 883 3162 caeter·
912 3095 1096 3177 plerumque
1131 3132 1169 3142 —
1202 3096 1349 3182 aequites
1383 3116 1439 3159 erit.
1474 3133 1511 3140 -
1548 3091 1730 3180 praesbiter
1757 3127 1798 3138 -
1829 3109 1905 3152 vae-

561 3219 667 3264 sanus.
691 3238 732 3247 —
759 3200 878 3266 Contra
900 3205 1084 3265 coartantes
1105 3204 1186 3264 recte
1214 3200 1340 3265 caelum
1363 3237 1403 3246 -
1427 3217 1617 3264 maeror-
1642 3194 1842 3282 paenitentia
1867 3229 1903 3238 —

561 3305 734 3370 saeculum.

456 3403 489 3468 R
500 3425 593 3470 raro:
610 3407 797 3472 caecidit-
808 3408 968 3474 aecclesia
977 3428 1052 3472 raro
1065 3446 1106 3454 -
1117 3407 1290 3493 aegregius
1301 3427 1376 3472 raro
1388 3443 1427 3453 -
1438 3405 1597 3492 aepistola
1608 3423 1684 3467 raro
1695 3441 1733 3452 -·
1743 3408 1904 3466 strenuae.

351 3512 429 3571 est
450 3525 513 3573 oe:

404 3614 530 3697 eme)
544 3635 607 3694 pro
630 3634 693 3680 oe:

456 3715 504 3778 H:
528 3718 685 3803 praelium
708 3723 859 3800 c.114,3
884 3757 925 3766 —-
948 3718 1060 3784 fedare
1084 3721 1199 3800 anae,
1221 3722 1246 3782 1.

457 3819 497 3884 0.·
520 3820 632 3886 ledere
654 3826 770 3904 coac,
791 3827 823 3887 1:
846 3827 928 3887 recte
949 3823 1107 3909 proelium
1129 3825 1317 3886 coemeter.

455 3923 503 3988 R:
527 3926 614 4012 cepit
635 3946 719 3990 raro.

401 4047 447 4095 oe
464 4050 526 4112 pro
549 4048 591 4095 e:

453 4131 504 4197 H:
526 4134 634 4221 eoepit
656 4157 682 4198 c.
696 4137 804 4216 292,5
829 4169 869 4180 -
892 4131 1024 4198 Moedia
1045 4155 1071 4196 c.
1088 4136 1175 4214 28,3
1201 4172 1239 4181 —
1264 4131 1483 4219 suscoepisset
1504 4154 1530 4196 c.
1552 4133 1620 4212 158,
1638 4132 1667 4192 7.

350 4252 372 4296 e
394 4239 423 4298 et
445 4236 481 4300 i:

453 4337 504 4402 H:
525 4341 686 4404 interdum
707 4345 787 4403 recte
808 4323 960 4416 onasum
984 4345 1020 4403 ut
1043 4360 1068 4404 c.
1085 4343 1157 4422 211,
1178 4345 1188 4404 l
1215 4339 1499 4425 relegiosissimum
1523 4338 1560 4402 ia
1581 4338 1689 4422 relig-.

457 4439 497 4505 O:
521 4444 717 4508 caerimonia
744 4449 821 4508 mut.
845 4444 878 4507 in
908 4463 1054 4509 caerem·
1078 4481 1120 4490 -
1141 4443 1356 4508 Dioclitianus
1385 4447 1565 4507 emulanter
1591 4447 1668 4506 mut.
1692 4440 1728 4505 ia
1755 4439 1900 4504 Dioclet-

559 4583 597 4592 -
622 4546 743 4613 dilitiae
766 4567 792 4611 c.
809 4549 919 4628 299st
940 4552 1019 4612 mist.
1049 4547 1086 4620 in
1115 4546 1250 4613 deliciae
1276 4585 1314 4594 —
1339 4547 1494 4633 religatus
1524 4549 1706 4612 commater
1733 4541 1773 4629 (c.
1791 4544 1900 4624 3022

555 4654 632 4714 mut.
656 4671 695 4714 ca
717 4650 903 4734 relegatus).

452 4751 498 4815 R:
521 4751 677 4818 uixillum.

348 4855 419 4919 tet
440 4874 486 4937 y:

399 4960 498 5040 toro
519 4978 565 5041 y:

451 5062 491 5127 H
502 5062 644 5144 passim
667 5063 876 5128 Hieronimus
898 5069 955 5130 cet.

456 5166 640 5248 Opassim:
662 5166 870 5232 Hieronimus
893 5173 1074 5234 mmtaatcr
1096 5206 1136 5215 -
1161 5168 1375 5233 Hierosolim-
1399 5171 1581 5233 cmsstcntcr
1604 5203 1643 5213 -
1667 5166 1836 5254 presbiter.

399 5289 427 5352 y
443 5289 507 5351 pro
528 5271 564 5336 t:

448 5373 500 5438 H:
522 5372 681 5462 Agryppa
703 5395 729 5438 c.
749 5378 806 5438 101
832 5410 872 5421 -
896 5375 995 5461 mylle
1019 5396 1045 5440 c.
1062 5378 1150 5458 28,6
1174 5413 1215 5422 -—
1238 5374 1365 5462 Sylvius
1388 5395 1469 5441 corr.
1492 5395 1518 5438 c.
1536 5378 1588 5457 91,
1611 5380 1636 5440 1.

451 5475 477 5543 0
500 5479 534 5542 ia
555 5477 713 5543 vocabulis
723 5479 901 5561 peregrinae
912 5480 1056 5561 passim:
1079 5479 1218 5566 Oallyst-
1237 5517 1276 5528 -
1294 5481 1432 5567 eclypsis
1449 5517 1489 5528 -
1506 5477 1723 5565 Hyerusalem
1739 5477 1900 5543 interdum

552 5620 594 5632 -
618 5583 824 5672 hystoria-
848 5582 986 5670 sybilum
1009 5619 1050 5630 -
1074 5583 1293 5672 Theophylns.
