4552 6308
386 354 449 415 446
743 349 775 403 V.
796 348 999 404 LATEEOVLI
1019 347 1298 405 hsteueuottvlt
1321 348 1680 404 stnxauoemoevlt.

386 531 461 588 tnnc
485 525 575 589 annis
597 523 786 610 Philippicis
808 523 969 589 utebatur.
1016 523 1174 610 Sepositis
1197 531 1322 606 autem,
1346 531 1382 590 ut
1405 531 1549 611 oportet,
1578 525 1669 589 annis
1699 523 1888 610 Philippicis
1913 531 2061 611 praeter

386 648 527 692 errorem
557 629 589 692 in
617 626 827 692 Constantino
844 626 910 692 VII
938 635 970 692 et
1000 628 1148 693 Romano
1178 631 1383 694 commissum
1412 631 1456 694 nil
1485 628 1635 715 equidem
1658 629 1787 694 invenio
1797 628 1838 713 ¹),
1872 649 1941 715 quo
1972 649 2059 693 con-

385 733 528 796 tinuatae
558 731 689 797 tabulae
717 731 798 796 fides
826 731 1010 816 derogetur.
1062 732 1160 795 immo
1188 753 1260 796 cum
1288 733 1352 798 iam
1380 752 1443 797 non
1473 733 1575 797 solum
1603 733 1677 796 anni
1706 732 1888 798 sedetiam
1912 753 2058 798 menses

386 835 593 921 imperiorum
617 834 821 917 adnotentur,
844 856 908 900 non
930 832 1136 920 neglegenda
1167 835 1227 898 erit
1256 835 1303 898 sis
1332 836 1386 919 qui
1415 840 1562 920 ternpore
1583 835 1736 900 historiae
1758 835 1965 920 Byzantinos
1991 835 2056 900 de-

386 939 506 1021 liniant,
529 945 566 1003 ut
587 940 738 1024 neglecta
762 947 811 1004 est
833 960 853 1002 a
875 937 1063 1021 Muralt02).

492 1132 511 1194 ¹)
529 1149 581 1183 non
599 1149 710 1184 errorem
729 1131 824 1182 dixeris
843 1130 912 1195 quod
930 1130 1021 1182 tertius
1039 1131 1203 1183 confiscator
1227 1131 1322 1182 oblitus
1340 1137 1379 1182 est
1397 1131 1543 1183 adscribere
1561 1131 1717 1196 quotannis
1736 1131 1842 1182 Alexios
1861 1132 1900 1182 Ill
1918 1125 2056 1195 (Ἀλέξιος

385 1212 542 1285 δ”Αγγελος
559 1219 638 1287 prior)
659 1221 796 1286 imperator
815 1219 900 1271 luerit.
937 1218 1083 1270 landandus
1105 1219 1148 1271 ills
1167 1219 1253 1287 potius
1276 1219 1344 1284 quod
1368 1235 1516 1280 cumcurm,
1540 1219 1571 1270 ds
1595 1219 1670 1270 cuius
1695 1218 1800 1269 veritate
1818 1217 1974 1283 dubitabat,
1995 1237 2053 1270 non

385 1305 509 1356 sustinuit
525 1306 646 1373 recipere.
771 1304 793 1370 ¹)
812 1305 892 1358 veluti
911 1307 979 1371 quod
997 1306 1148 1357 Theodorus
1165 1307 1189 1356 ll
1214 1305 1332 1357 Lascaris
1350 1306 1467 1356 Batauis
1485 1305 1554 1356 filius
1577 1321 1659 1356 annos
1678 1305 1715 1355 llI
1738 1319 1839 1356 menses
1856 1304 1894 1354 VI
1919 1321 2054 1372 regrmsse

385 1393 480 1458 lemur,
498 1394 650 1458 quaestions
666 1393 775 1460 dignum
792 1389 831 1444 est
849 1393 881 1444 cl.
900 1391 1002 1457 reliqua
1020 1393 1166 1444 testimonia
1185 1409 1202 1443 a
1220 1392 1331 1444 Murslto
1351 1391 1428 1442 Erasi
1444 1391 1476 1442 ds
1494 1390 1700 1456 cbroooyropbie
1712 1389 1855 1456 Βνιοονὶοο
1874 1395 2055 1444 root-1453

384 1494 409 1544 p.
425 1473 478 1531 388
495 1481 644 1548 composita.

490 2081 614 2180 (lberto
638 2129 741 2174 vacua
762 2109 856 2174 huius
879 2110 1018 2196 paginae
1047 2129 1099 2174 me
1132 2108 1300 2191 admonet,
1336 2118 1372 2173 ut
1403 2108 1444 2174 de
1472 2109 1600 2174 scholiis
1631 2131 1662 2196 p.
1686 2116 1750 2177 452
1778 2131 1882 2197 pauca
1910 2112 2046 2180 addam.

385 2213 497 2278 Priore
527 2213 567 2277 de
603 2213 726 2278 calculo
762 2213 906 2298 paschali
935 2219 1112 2299 praecepte
1140 2211 1265 2277 dantur.
1311 2211 1514 2278 Constantini
1543 2215 1652 2299 magni
1680 2236 1709 2278 a.
1731 2213 1813 2279 XVI
1840 2215 1940 2298 (Phil.
1962 2219 2046 2305 647)

384 2319 493 2402 coepit
514 2317 690 2382 secundum
707 2315 944 2380 Alexandrinos
967 2316 997 2380 d.
1014 2315 1130 2380 XXIX
1152 2338 1194 2380 m.
1212 2337 1296 2402 aug,
1313 2315 1489 2381 secundum
1507 2315 1701 2402 Byzantinos
1725 2318 1790 2383 lrol.
1807 2327 1887 2406 sept.
1913 2341 1942 2385 a.
1961 2325 2045 2399 3233

387 2423 413 2485 si
437 2442 538 2485 annos
562 2423 624 2485 489
648 2420 820 2501 adieceris,
845 2419 973 2485 desines
995 2421 1027 2484 in
1051 2441 1079 2484 a.
1096 2419 1178 2485 Phil.
1200 2423 1291 2502 1135,
1315 2421 1368 2506 qui
1392 2421 1489 2484 currit
1510 2419 1585 2484 inde
1608 2441 1628 2483 a
1653 2420 1682 2485 dL
1698 2421 1815 2486 XXIX
1837 2445 1879 2490 m.
1896 2445 1972 2508 aug.
1988 2427 2045 2490 rel

384 2525 449 2588 hal.
473 2531 554 2609 sept.
578 2545 606 2588 a.
625 2527 704 2588 811:
735 2524 906 2589 concinunt
937 2531 971 2588 et
999 2523 1110 2589 inuv
1134 2532 1166 2589 et
1198 2547 1299 2589 annus
1328 2524 1546 2589 munditate
1575 2523 1651 2589 inde
1680 2547 1700 2589 a
1728 2526 1792 2591 lral.
1821 2535 1902 2614 sept.
1927 2550 1956 2594 a.
1975 2532 2037 2594 811

385 2633 561 2692 currentes.
607 2628 677 2691 Iam
701 2627 787 2713 quod
810 2629 917 2713 cyclus
942 2627 1100 2713 paschalis
1116 2627 1420 2693 decemnovennalis
1436 2629 1594 2714 repetitur
1617 2628 1657 2692 ab
1681 2649 1764 2693 anno
1787 2652 1819 2716 p.
1837 2630 1911 2696 Chr.
1930 2635 2011 2710 3231
2034 2683 2044 2713 ‚

385 2731 531 2817 intellegi
561 2734 687 2818 nequit,
720 2733 780 2796 nisi
814 2733 949 2818 scriptor
983 2731 1093 2796 tabula
1122 2733 1275 2797 utebatur
1306 2730 1346 2795 ab
1380 2753 1418 2796 eo
1451 2752 1535 2796 anno
1559 2732 1664 2797 ducta.
1711 2735 1800 2798 cuius
1823 2735 1850 2798 si
1872 2743 2044 2802 auctorem

385 2855 532 2921 quaeras,
557 2842 644 2900 certo
667 2835 761 2900 nobis
784 2833 931 2899 videmur
954 2835 1152 2922 respondere
1176 2857 1281 2921 posse.
1328 2843 1454 2899 constat
1469 2834 1669 2921 Hieronymo
1694 2835 1735 2900 de
1753 2839 1809 2902 vir.
1826 2839 1870 2903 ill.
1887 2843 1927 2904 61
1953 2845 2043 2906 teste

385 2939 562 3004 Eusebium
586 2938 843 3004 Caesareenscm
868 2943 976 3025 ‘super
997 2940 1118 3026 pascha
1142 2939 1256 3005 decem
1273 2945 1306 3004 et
1322 2959 1439 3004 novem
1455 2961 1611 3004 annorum
1627 2941 1780 3006 circulum
1797 2943 2043 3029 composuisse’‚

385 3064 481 3129 quem
505 3043 600 3109 valde
623 3044 780 3108 illustrem
805 3043 901 3107 luisse
925 3042 1038 3108 Bedae
1062 3043 1163 3108 verba
1186 3043 1227 3109 de
1244 3050 1343 3130 temp.
1361 3051 1421 3108 rat.
1446 3065 1472 3108 c.
1491 3049 1531 3108 lt
1559 3043 1740 3109 ostendunt.
1787 3047 1904 3110 frustra
1927 3047 2043 3113 horum

385 3148 514 3211 testium
538 3146 637 3212 fidem
660 3169 723 3211 van
747 3147 806 3212 der
821 3147 939 3232 Hagen
964 3146 1006 3211 de
1023 3147 1102 3233 cycl.
1120 3146 1231 3233 pasch.
1248 3168 1280 3232 p.
1304 3151 1360 3211 157
1375 3169 1444 3233 sqq.
1462 3149 1667 3233 suspectavit.
1714 3171 1777 3237 quo
1796 3152 1880 3215 enim
1896 3153 2042 3216 maxime

384 3252 495 3316 nititur
517 3259 744 3337 argumentum
767 3251 854 3317 idem
878 3257 989 3316 contra
1013 3273 1087 3316 eum
1112 3251 1197 3316 facit.
1244 3258 1353 3315 narrat
1370 3251 1530 3316 Eusebius
1551 3272 1585 3316 ss
1603 3250 1804 3318 Constantini
1819 3255 1906 3320 iussu
1921 3253 2043 3320 librum

385 3354 426 3420 de
449 3355 604 3441 paschate
629 3356 793 3443 scripsisse
817 3357 912 3443 eique
937 3354 1106 3420 dedicasse
1123 3359 1168 3442 (v.
1186 3354 1296 3420 Const.
1313 3354 1361 3418 IV
1379 3354 1446 3440 34),
1470 3376 1565 3441 quem
1591 3358 1825 3442 imperatores
1849 3379 1913 3423 non
1936 3360 2043 3424 solum

385 3480 457 3523 cum
480 3461 646 3546 voluptate
671 3461 790 3545 legisse
813 3460 871 3526 sed
895 3461 993 3524 etiam
1010 3461 1085 3546 piae
1101 3458 1297 3525 multitudini
1312 3458 1543 3545 publicandum
1559 3481 1688 3525 curasse
1705 3461 1881 3547 respondet
1898 3461 1956 3548 (ib.
1973 3463 2043 3550 et).

385 3584 460 3628 eum
483 3558 644 3650 μυστικὴν
666 3556 883 3648 ἀποκάλυψιν
904 3565 962 3628 τοῦ
985 3565 1044 3649 τῆς
1067 3558 1181 3651 ἑορτῆς
1202 3557 1299 3648 λόγου
1321 3561 1482 3627 Eusebius
1505 3562 1591 3646 dicit,
1608 3564 1760 3631 videlieet
1777 3565 2043 3634 dissertationem

386 3668 503 3733 tabulis
527 3669 748 3754 praemissam,
773 3689 836 3754 qua
859 3669 957 3734 etiam
981 3688 1094 3732 causas
1117 3689 1155 3732 ac
1178 3668 1319 3732 rationes
1334 3668 1559 3733 sollemnitatis
1575 3664 1794 3756 (αἰτιολογίαν
1813 3693 1850 3736 re
1872 3667 1928 3735 καὶ
1952 3669 2041 3756 γένε-

387 3795 448 3850 σιν,
473 3779 509 3836 ut
533 3778 582 3836 est
605 3772 636 3835 in
659 3772 863 3857 imperatoris
885 3769 1015 3855 litteris)
1041 3771 1236 3856 explicabat.
1282 3793 1324 3834 ex
1347 3772 1539 3837 nemobonis
1556 3772 1668 3837 ordine
1685 3779 1822 3860 apparel
1844 3781 1917 3861 post
1941 3795 2042 3861 syno-

386 3875 462 3941 dum
484 3875 662 3940 Nicaenam
685 3875 747 3940 hoc
770 3875 910 3939 officium
926 3874 1068 3940 Eusebio
1086 3874 1274 3940 mandatum
1293 3897 1364 3940 esse
1382 3897 1486 3962 eoque
1504 3877 1647 3958 consilio,
1671 3885 1706 3942 ut
1729 3899 1813 3964 quae
1838 3879 1878 3944 de
1903 3879 2042 3965 pascha-

388 3981 428 4043 tis
452 3985 600 4064 tempore
625 3978 810 4044 definiendo
833 3986 942 4065 patres
967 3987 1211 4060 consenserant,
1235 3980 1383 4044 omnibus
1406 3989 1483 4045 nota
1504 3981 1628 4045 flerent.
1675 3989 1799 4047 tantmn
1815 3983 1944 4048 aliunde
1968 3985 2044 4047 sciri

386 4089 530 4168 poterat:
555 4105 638 4148 nunc
661 4083 724 4147 hoc
746 4083 868 4147 scholio
893 4089 1018 4147 constat
1041 4084 1165 4168 cyclum
1188 4082 1323 4148 Eusebii
1350 4084 1391 4148 ab
1421 4105 1504 4149 anno
1528 4085 1619 4168 32311
1644 4107 1675 4172 p.
1693 4084 1769 4151 Ohr.
1799 4087 1833 4152 id
1863 4094 1912 4152 est
1934 4089 2041 4174 primo

385 4187 495 4252 circuli
523 4186 598 4252 inde
628 4187 669 4251 ab
699 4207 783 4252 anno
809 4186 823 4251 l
853 4194 928 4251 ante
959 4185 1032 4251 Ohr.
1058 4186 1312 4252 duodevicesimi
1345 4187 1681 4268 (cildeleraodb.
1707 4193 1831 4274 2197)
1864 4190 2042 4257 deductum

386 4291 493 4356 brisso.

492 4395 643 4460 Scholion
666 4395 683 4459 b
713 4395 838 4479 cyclum
859 4393 1027 4459 DXXXII
1055 4415 1210 4460 annorum
1240 4395 1353 4460 definit
1379 4394 1421 4460 ab
1452 4415 1535 4460 anno
1559 4396 1624 4461 XX
1647 4397 1770 4462 Tiberii
1799 4403 1843 4486 (p.
1861 4398 1935 4465 Ohr.
1953 4403 2041 4483 3314)

386 4501 516 4567 ductum
540 4499 650 4564 nescio
674 4499 763 4564 cuius
785 4500 936 4564 auctoris.
983 4499 1146 4586 discrepat
1161 4521 1225 4564 non
1241 4501 1346 4565 minus
1363 4520 1460 4585 quern
1477 4499 1644 4565 Annianus
1661 4503 1828 4588 proposuit
1850 4503 1937 4589 (huic
1954 4505 2043 4570 enim

384 4603 557 4670 undecima
585 4604 627 4669 ab
656 4604 747 4668 initio
775 4603 885 4668 mundi
915 4603 1069 4689 periodus
1092 4605 1202 4689 coepit
1224 4625 1253 4668 a.
1270 4607 1333 4668 370
1357 4625 1388 4690 p.
1407 4603 1493 4686 chr„
1525 4605 1564 4668 cf.
1589 4603 1752 4691 Georgius
1775 4605 1870 4692 Syno.
1894 4611 2038 4694 p.65,1

384 4707 521 4794 Boon),
551 4729 647 4795 quam
670 4706 876 4773 Victorianus
904 4715 938 4772 et
959 4707 1185 4793 Dionysianue.
1230 4709 1328 4772 immo
1354 4707 1460 4772 verbis
1484 4701 1522 4774 οὐ
1550 4704 1634 4774 κατὰ
1664 4706 1829 4791 συνέχειαν
1852 4703 1921 4776 ἀλλ’
1945 4706 2043 4790 ἰδίως

386 4814 565 4900 oppugnari
596 4811 745 4877 videntur
774 4813 828 4898 qui
855 4833 875 4875 a
901 4813 1058 4899 principio
1087 4810 1213 4893 mundi,
1245 4832 1308 4876 non
1333 4833 1352 4876 a
1375 4818 1478 4876 morte
1502 4813 1670 4876 salvatoris
1702 4816 1827 4898 cyclum
1850 4814 2040 4900 paschalem

384 4916 588 5004 repetebant.
634 4915 727 4989 Quae
750 4916 957 4998 subiciuntur,
981 4914 1068 4980 haud
1091 4916 1156 4980 scio
1179 4937 1220 4979 an
1244 4915 1286 4979 ad
1309 4916 1461 4980 circulum
1486 4917 1626 4981 solarem
1649 4937 1805 4982 annornm
1826 4916 1976 4982 XXVIII
1999 4919 2042 4982 ab

385 5040 469 5084 anno
492 5018 558 5084 XX
582 5019 705 5084 Tiberii
728 5019 859 5084 ductum
887 5020 1081 5105 pertineant.
1127 5020 1173 5083 sic
1195 5020 1298 5084 solum
1325 5041 1478 5084 numerus
1501 5025 1527 5085 Θ
1552 5019 1761 5106 corrigendus
1784 5030 1863 5086 erat.
1910 5021 2043 5106 quintus

386 5125 469 5188 enim
495 5122 676 5189 Constantii
699 5146 799 5189 annus
822 5131 981 5210 aequatur
1004 5144 1086 5188 anno
1110 5146 1141 5210 p.
1160 5122 1237 5191 Ohr.
1255 5123 1361 5208 34112.

1006 5453 1418 5464 μ*
