4598 6300
740 347 816 403 CVM
834 346 1110 402 auolranaurls
1128 347 1269 403 uauuu.

486 520 550 586 non
573 520 679 585 aufert
701 521 815 585 vitam:
838 527 955 585 neuter
978 522 1182 606 cognoscitur
1203 521 1281 586 ullo.

408 652 434 692 a
486 631 620 712 tangere
642 645 708 689 non
730 623 851 689 audent
872 625 986 688 iccirco
1009 630 1181 710 utrumque
1203 625 1299 711 periti
1367 679 1371 687 .

487 781 659 845 Proximus
682 799 754 844 esse
778 780 858 844 mari
881 778 1026 844 modicus
1050 800 1177 866 quoque
1200 780 1302 843 fertur
1324 799 1468 845 acervus.
1493 791 1495 794 ’

489 887 553 950 iam
577 884 720 972 lapidum
743 884 872 971 quidam
896 885 1042 949 mirabile
1067 885 1185 971 quique
1209 885 1368 949 ministrat

488 1010 553 1053 non
574 989 678 1074 magis
701 1009 861 1075 apparens
884 989 983 1052 fluctu
1004 989 1191 1052 retrahente
1214 989 1337 1052 marino
1432 988 1496 1054 -rel
1518 993 1691 1054 retrorsum

488 1113 584 1179 quam
608 1091 702 1155 solito
725 1112 828 1174 cursu,
853 1091 980 1177 quando
1005 1112 1093 1155 mare
1116 1091 1224 1177 littora
1247 1093 1352 1178 replet

491 1197 671 1260 occultante
695 1196 775 1259 mari
797 1196 872 1278 illic,
896 1216 979 1281 quae
1002 1196 1105 1280 magis
1129 1196 1195 1259 alta
1217 1193 1376 1260 ridentur.

488 1332 548 1396 Est
569 1332 691 1418 aliquid
713 1353 828 1397 saxum
851 1332 1014 1396 mirabile:
1039 1352 1178 1418 namque
1201 1339 1336 1417 repente

490 1439 516 1501 si
539 1437 645 1501 fuerat
666 1438 758 1523 virga
780 1457 976 1523 percussum,
1000 1437 1134 1500 suscitat
1155 1436 1301 1522 ymbres:

489 1541 563 1606 ilico
586 1547 765 1634 tempestas
788 1542 887 1605 oritur
909 1541 1117 1627 sequiturque
1142 1541 1257 1624 caligo.

583 1637 693 1680 proprium
706 1637 786 1668 noman

491 1685 525 1743 at
548 1699 587 1742 ea
610 1681 747 1743 ternaria
771 1677 883 1742 sedem
906 1697 967 1742 rex
990 1677 1124 1763 quisque
1148 1678 1292 1760 tenebat,

495 1782 678 1848 Scottorum
701 1782 828 1847 lucrant
851 1782 906 1846 uhi
928 1788 995 1845 tres
1018 1801 1070 1844 res
1094 1783 1235 1846 maxime
1258 1783 1338 1846 mire

490 1907 554 1949 non
578 1887 661 1972 lapis
684 1892 781 1972 atquc
804 1906 886 1972 puer
907 1905 1026 1970 parvus
1047 1906 1186 1971 namque
1210 1885 1424 1970 sepulchrum,

491 2011 566 2054 nam
589 1992 671 2076 lapis
694 1996 730 2054 ut
752 1991 854 2056 fertur
876 1989 1018 2054 calcatus
1040 2009 1119 2075 rege
1143 1989 1289 2053 sonabat.

492 2095 556 2156 iam
580 2095 710 2179 rugiens
734 2094 859 2181 prolem
882 2093 994 2177 genuit
1017 2093 1192 2177 septemnis
1216 2097 1250 2156 et
1271 2091 1326 2155 ille

492 2197 644 2282 parvulus
667 2198 808 2262 aoleotus
831 2197 1014 2277 nominatur
1036 2195 1077 2258 ab
1102 2195 1249 2260 omnibus
1272 2215 1356 2281 eque

493 2301 633 2386 quinqua
657 2301 778 2387 pedum
801 2301 905 2387 spatio
929 2300 1059 2364 brevior
1079 2319 1144 2363 non
1167 2297 1292 2363 addidit
1313 2319 1465 2384 unquam,

494 2425 590 2489 quem
613 2425 782 2470 numerum
804 2405 912 2469 fuerat
935 2405 988 2490 qui
1011 2423 1075 2468 uon
1097 2404 1220 2468 maiore
1244 2404 1394 2468 minutus.

492 2560 555 2624 Illa
577 2562 671 2626 nimis
693 2559 840 2626 miranda
864 2559 995 2647 quidam
1017 2559 1150 2646 piscina,
1173 2559 1320 2645 leprosos

494 2685 578 2750 quae
601 2665 679 2730 facit
700 2665 859 2730 intrantes
883 2684 995 2729 omnes
1019 2683 1053 2728 se
1076 2663 1205 2749 illicque
1227 2664 1384 2727 lavantes.

493 2774 542 2832 cst
564 2774 674 2833 tamen
697 2768 779 2833 haec
803 2767 919 2833 eadem
941 2788 1006 2831 uon
1028 2767 1126 2831 noxia
1148 2772 1240 2852 parte
1264 2772 1432 2853 sequente,

495 2891 579 2959 quac
603 2872 697 2936 solito
721 2894 816 2937 cursu
838 2874 982 2959 petitae
1005 2872 1049 2936 sio
1071 2871 1170 2935 intrat
1192 2872 1225 2935 in
1245 2871 1359 2957 ipsam.

492 2975 757 3063 interutrasque
781 2981 891 3040 tamen
913 2980 1040 3061 partem
1063 2972 1215 3039 distantia
1236 2995 1338 3062 parva

493 3098 565 3143 csse
589 3078 709 3164 padum
732 3080 837 3164 spatio
859 3079 1008 3144 binorum
1030 3098 1116 3164 peno
1139 3078 1275 3144 videtur.

495 3234 648 3300 Continet
668 3235 752 3300 haec
774 3236 914 3301 hominis
938 3233 1105 3300 cuiusdam
1127 3241 1214 3300 terra
1236 3234 1442 3320 sepulchrum

493 3337 651 3403 femineas
673 3339 785 3403 turbas
807 3338 948 3403 fallentis
971 3358 1062 3403 more
1086 3337 1212 3402 doloso:

413 3467 439 3506 aa
491 3441 545 3505 ille
570 3443 690 3507 etenim
713 3462 882 3507 numerum
906 3443 1072 3535 ingentem
1096 3442 1228 3506 violavit
1251 3461 1372 3507 earum.

495 3563 558 3628 fine
582 3569 692 3627 tamen
715 3562 822 3627 fuerat
845 3562 931 3629 felici
954 3539 1097 3650 crimina
1120 3562 1250 3628 dellens.

495 3687 574 3752 crgo
598 3664 696 3731 modo
719 3667 800 3731 miro
824 3668 940 3732 mulier
962 3671 989 3733 si
1011 3669 1128 3735 viderit
1150 3667 1240 3750 illud,

494 3769 616 3857 pedere
640 3771 692 3834 vel
714 3769 821 3835 ridere
845 3771 929 3835 solat
950 3772 1112 3838 comendo
1136 3771 1352 3857 sepulchrum,

497 3875 634 3939 tormine
651 3872 728 3958 (sio)
750 3874 814 3939 iam
837 3882 967 3940 resonat
990 3876 1087 3962 quod,
1109 3877 1136 3940 si
1158 3896 1223 3940 non
1245 3874 1351 3939 rideat
1372 3873 1428 3936 illa

389 4025 442 4090 De
465 4026 641 4092 infantibus
663 4032 809 4092 sanctum
832 4027 1006 4093 Patricium
1029 4027 1263 4094 invocantibus.

417 4154 443 4195 a
495 4129 547 4195 Ex
569 4137 662 4195 utero
686 4132 796 4195 matris
821 4130 982 4216 quondam
1006 4138 1079 4197 sunt
1099 4133 1162 4197 ista
1184 4130 1285 4196 locuti

496 4234 648 4299 infantes:
673 4254 731 4298 nos
754 4241 864 4299 sancte
887 4236 962 4300 veni
983 4235 1104 4301 Patrici
1126 4236 1211 4300 bene
1235 4235 1325 4300 salva

392 4385 443 4451 Dc
468 4385 502 4453 S.
528 4386 765 4476 [Klie[nan](t)
789 4388 929 4474 quodam

496 4489 632 4557 Sanctus
654 4493 687 4558 in
709 4493 771 4556 hac
792 4493 898 4579 patria
921 4491 1053 4579 quidam
1076 4491 1124 4557 vir
1145 4491 1273 4556 nomine
1295 4489 1424 4572 Kienan

495 4602 665 4680 permanet
687 4597 900 4682 incorruptus,
922 4596 1047 4660 hahens
1069 4617 1154 4660 nunc
1175 4596 1303 4680 integra
1325 4594 1470 4676 menbra,

496 4705 641 4763 mortuus
664 4706 739 4764 ante
763 4705 873 4764 tamen
897 4700 1091 4785 quingentos
1115 4700 1241 4764 circiter
1263 4717 1364 4762 annos

418 4824 444 4865 a
496 4800 705 4890 eiusdemque
728 4803 792 4868 loci
814 4800 958 4869 defuncti
981 4804 1098 4890 quique
1121 4807 1321 4889 putrescunt.

389 4954 442 5019 De
463 4956 648 5021 hominibus
671 4958 725 5043 qui
749 4980 784 5023 se
808 4965 937 5024 vertunt
959 4960 992 5024 in
1013 4960 1109 5044 lupos

497 5060 580 5126 Sunt
602 5062 749 5126 homines
773 5062 904 5148 quidam
927 5061 1112 5126 Scottorum
1135 5061 1242 5146 gentis
1264 5057 1423 5123 hahentes

494 5166 609 5230 miram
632 5172 780 5231 naturam
803 5167 961 5231 maiorum
985 5166 1026 5230 ab
1051 5165 1174 5252 origine
1198 5163 1342 5229 ductam:

496 5271 690 5356 quamcito,
714 5267 842 5358 quando
866 5270 988 5351 volunt,
1010 5270 1156 5394 ipsoste
1179 5274 1307 5333 vertere
1331 5273 1466 5354 possunt

498 5409 649 5496 nequiter
670 5409 704 5473 in
726 5408 848 5473 formas
870 5408 1070 5473 lacerantum
1094 5365 1192 5472 &gutte
1214 5409 1374 5492 luporum,

409 5537 447 5576 roo
500 5512 586 5578 unde
609 5513 759 5578 videntur
781 5531 860 5578 oves
883 5509 1030 5578 occidere
1054 5532 1133 5599 sepe
1156 5517 1336 5599 gementes.

497 5619 556 5683 sed
579 5641 651 5684 oum
675 5619 797 5685 clamor
819 5639 876 5683 eos
898 5617 1062 5682 hominum
1085 5638 1143 5682 seu
1166 5638 1275 5682 cursus
1299 5635 1412 5680 eorum
