4634 6286
779 1605 867 1700 ΙΙΙ.
909 1605 1074 1699 VITA
1113 1604 1378 1701 GILDAE.

647 1844 914 1923 svesona
950 1845 1242 1924 nonnoso
1278 1849 1519 1925 nvmusr.

356 2037 479 2104 Beatus
507 2037 620 2104 Gildas
648 2040 802 2104 Arecluta
828 2041 1023 2106 fertilissima
1046 2042 1180 2127 regione
1208 2042 1373 2124 oriundus,
1396 2049 1489 2129 patre
1515 2041 1626 2106 Cauno
1648 2041 1846 2107 nobilissimo
1874 2045 1942 2107 etl

252 2143 410 2208 catholieo
434 2145 502 2209 viro
527 2146 674 2229 genitus,
698 2145 740 2208 ab
764 2146 834 2231 ipso
859 2145 974 2232 puerili
997 2165 1079 2210 aevo
1103 2152 1172 2210 toto
1195 2148 1312 2211 mentis
1335 2145 1455 2211 affectu
1479 2145 1640 2210 Christum
1663 2144 1784 2210 studuit
1806 2145 1906 2230 sequi.

250 2245 406 2311 Arecluta
433 2254 541 2312 autem
566 2250 656 2333 regio
686 2269 757 2312 cum
789 2250 829 2312 sit
851 2249 1038 2313 Britanniae
1067 2270 1159 2334 pars,
1183 2250 1376 2314 vocabulum
1404 2251 1538 2336 sumpsit
1561 2271 1580 2313 a
1603 2235 1744 2335 quodam
1766 2250 1906 2330 flumine,

252 2348 337 2435 quod
367 2350 441 2416 Olut
473 2360 689 2438 nuncupatur,
720 2374 740 2415 a
770 2373 832 2438 quo
861 2353 1051 2438 plerumque
1080 2353 1135 2416 illa
1159 2353 1318 2437 irrigatur.
1364 2355 1449 2417 inter
1472 2359 1581 2418 cetera
1605 2374 1699 2436 vero,
1731 2373 1813 2439 quae
1836 2353 1906 2437 ipse

120 2538 121 2541 Ἴ
211 2472 223 2510 ⁵
251 2460 380 2518 sanctus
396 2455 509 2520 Gildas
534 2457 659 2542 scripsit
682 2456 723 2520 de
747 2457 882 2520 miseriis
907 2463 940 2520 et
955 2457 1283 2542 praevaricationibus
1307 2463 1340 2521 et
1360 2457 1486 2522 excidio
1503 2457 1700 2539 Britanniae,
1723 2457 1785 2521 hoc
1808 2456 1906 2520 etiam

252 2556 292 2622 de
324 2558 379 2622 illa
403 2561 577 2646 praemisit.
631 2559 831 2639 Britannia,
855 2561 973 2646 inquit,
1003 2561 1063 2624 ‘bis
1087 2558 1178 2624 denis
1208 2561 1322 2646 bisque
1349 2563 1512 2647 quaternis
1536 2561 1640 2646 fulget
1663 2560 1845 2626 civitatibus
1868 2569 2019 2664 acm„

252 2663 422 2726 ‘nonnullis
445 2665 587 2728 castellis
613 2663 799 2728 decoratur:
824 2685 987 2728 murorum
1011 2686 1140 2751 quoque
1165 2687 1202 2730 ac
1227 2665 1371 2747 turrium,
1395 2672 1584 2746 semlerum,
1600 2671 1776 2750 portarum,
1792 2662 1905 2728 domo-

253 2769 333 2831 ‘rum
356 2769 465 2851 etiam,
490 2789 624 2854 quarum
648 2769 789 2833 culmina
810 2769 928 2832 minaci
950 2771 1145 2855 proceritate
1168 2777 1318 2856 porrecta
1347 2771 1380 2833 in
1409 2769 1532 2834 editum
1555 2770 1630 2833 forti
1653 2787 1810 2854 compage
1835 2787 1904 2830 cer-

253 2873 390 2952 mentm,
414 2892 478 2935 uon
502 2873 760 2958 improbabiliter
784 2880 833 2936 cst
857 2872 1015 2938 adornata
1037 2875 1198 2939 instructis
1220 2875 1461 2941 munitionibus.
1506 2874 1629 2959 campis
1649 2893 1777 2958 quoque
1802 2872 1906 2956 fulget

201 2991 226 3028 1⁰
253 2975 329 3038 ‘late
352 2977 461 3060 pausis
485 2977 684 3062 collibusque
709 2997 847 3040 amoeno
871 2977 934 3040 situ
956 2978 1069 3041 locatis
1091 2979 1307 3065 praepollenti
1332 2978 1477 3043 culturae
1502 2978 1596 3063 aptis,
1620 2977 1782 3041 montibus
1807 2975 1905 3038 etiam

253 3078 460 3143 ‘alternandis
484 3079 668 3143 animalium
692 3079 837 3164 pastibus
861 3081 981 3165 optime
1005 3082 1280 3163 convenientibus,
1305 3082 1357 3167 qui
1382 3081 1581 3146 diversorum
1605 3080 1747 3145 colorum
1769 3077 1902 3142 floribus

253 3183 347 3267 ‘grati
370 3182 548 3247 redduntur
563 3183 710 3247 humanis
725 3183 846 3247 visibus
861 3184 962 3248 veluti
979 3185 1083 3248 electa
1105 3205 1224 3271 sponsa
1239 3184 1374 3249 diversis
1398 3191 1511 3249 ornata
1533 3183 1715 3248 monilibus.
1760 3181 1902 3246 fontibus

253 3286 376 3350 ‘lucidis
400 3288 585 3373 crebrisque
608 3286 745 3373 gaudet,
778 3289 959 3375 exquibus
989 3290 1082 3354 rivuli
1110 3291 1175 3355 leni
1197 3312 1360 3355 murmure
1384 3297 1552 3378 serpentes
1586 3310 1686 3354 suave
1709 3289 1825 3374 pignus
1850 3308 1902 3351 so-

253 3393 349 3477 ‘poris
373 3391 517 3456 tribuunt
530 3391 706 3457 viatoribus
730 3392 833 3456 fessis.
874 3392 1009 3457 duorum
1033 3395 1131 3458 etiam
1155 3396 1244 3459 ostiis
1266 3395 1422 3460 nobilium
1444 3396 1620 3474 fluminum,
1642 3392 1789 3460 Tamesis
1814 3390 1905 3455 vide-

201 3517 225 3554 ro
255 3494 340 3558 ‘licet
367 3517 404 3558 ao
432 3495 607 3574 Sabrinae,
636 3497 736 3561 veluti
765 3496 905 3561 brachiis
934 3498 1117 3580 meliorata,
1146 3519 1206 3584 per
1235 3521 1318 3586 quae
1350 3499 1457 3564 eidem
1487 3500 1672 3564 Britanniae
1702 3499 1777 3561 olim
1801 3502 1904 3560 trans-

254 3599 409 3662 ‘marinae
434 3598 570 3664 deliciae
595 3601 718 3664 ratibus
741 3601 953 3683 vehebantur,
977 3602 1177 3688 aliorumque
1200 3604 1364 3668 fluminum
1380 3605 1538 3668 minorum
1560 3603 1718 3666 infusione
1734 3597 1905 3685 irrigatur'.

254 3708 382 3766 ostenso
406 3703 503 3787 igitur
525 3705 587 3768 situ
612 3709 644 3768 et
668 3705 961 3791 opportunitatibus
984 3706 1047 3770 loci
1069 3727 1131 3770 nec
1152 3727 1217 3770 non
1239 3707 1392 3792 regionis,
1415 3706 1500 3771 unde
1522 3706 1689 3792 praefatus
1704 3705 1753 3769 vir
1767 3723 1902 3768 venera-

252 3805 325 3869 bilis
349 3812 383 3870 et
405 3813 533 3871 sanetus
557 3806 708 3872 oriundus
732 3808 802 3888 fuit,
828 3809 896 3871 eius
921 3808 1060 3894 denique
1085 3810 1152 3873 vita
1166 3808 1296 3874 domino
1313 3809 1485 3874 adiuvante
1502 3809 1729 3874 subscribatur.
1776 3803 1945 3871 eaunus2

251 3910 361 3995 itaque
398 3911 466 3974 eius
500 3912 627 3995 genitor
661 3917 694 3975 et
725 3911 805 3975 alios
835 3918 986 3997 quattuor
1016 3913 1118 3976 fertur
1144 3913 1297 3978 habuisse
1326 3914 1425 3992 filios,
1457 3912 1595 3977 Cuillum
1629 3910 1782 3975 videlicet
1811 3908 1905 3973 valde

201 4032 226 4072 ao
253 4019 418 4078 strenuum
441 4015 474 4078 in
498 4015 595 4078 armis
611 4015 725 4095 virum,
749 4015 802 4100 qui
826 4020 900 4100 post
915 4021 1053 4080 mortem
1068 4017 1168 4102 patris
1185 4018 1214 4081 ei
1229 4018 1262 4080 in
1278 4037 1378 4102 regno
1395 4017 1558 4093 suecessit,
1574 4014 1747 4078 Mailoeum
1765 4033 1904 4099 quoque,

253 4118 307 4203 qui
334 4139 353 4181 a
382 4126 473 4204 patre
508 4119 606 4182 sacris
635 4118 750 4183 litteris
779 4117 914 4183 traditus
942 4126 975 4183 et
1003 4120 1036 4183 in
1065 4120 1111 4184 eis
1140 4121 1224 4184 bene
1255 4120 1388 4185 edoctus
1417 4120 1528 4184 relicto
1558 4124 1650 4204 patre
1682 4124 1780 4202 atque
1803 4117 1900 4180 rebus

250 4223 393 4306 paternis
424 4223 653 4287 abrenuntians
681 4223 769 4286 venit
796 4220 944 4306 Lyuhes,
973 4223 1005 4286 in
1028 4243 1114 4308 pago
1137 4221 1256 4287 Bimail
1278 4223 1387 4308 ibique
1410 4222 1639 4287 monasterium
1664 4219 1847 4302 aedificans,
1871 4219 1904 4283 in

252 4347 314 4413 quo
340 4327 372 4391 in
395 4326 521 4413 hymnis
545 4333 578 4392 et
601 4326 815 4406 orationibus,
839 4327 964 4391 ieiuniis
983 4335 1017 4391 et
1039 4327 1155 4412 vigiliis
1177 4327 1335 4391 instanter
1357 4328 1499 4390 serviens
1523 4325 1585 4390 deo
1610 4325 1714 4389 olarus
1737 4323 1906 4387 virtutibus

251 4436 284 4494 et
306 4430 465 4496 miraculis
499 4432 530 4495 in
558 4452 640 4517 pace
671 4431 802 4516 quievit.
847 4430 972 4516 Egrsas
994 4452 1071 4495 vero
1098 4452 1170 4495 cum
1194 4431 1326 4495 Alleeeo
1350 4430 1448 4494 fratre
1479 4435 1512 4494 et
1539 4428 1687 4492 Peteova
1709 4447 1819 4491 sorore
1844 4426 1906 4490 deo

199 4557 224 4596 aa
252 4539 380 4598 saerata
402 4535 526 4620 virgine
556 4535 702 4599 similiter
733 4541 766 4598 et
792 4535 853 4620 ipsi
883 4535 1002 4599 relictis
1031 4535 1128 4599 rebus
1157 4535 1300 4619 paternis
1329 4540 1363 4598 et
1393 4534 1611 4599 saecularibus
1644 4531 1907 4596 abrenuntiantes

250 4638 377 4723 pompis
405 4639 438 4700 in
468 4644 616 4702 extrema
646 4645 740 4723 parte
769 4638 910 4722 regionis
937 4639 1021 4702 illius
1052 4637 1244 4703 secedentes
1273 4658 1337 4702 non
1365 4637 1463 4721 longe
1495 4657 1571 4700 ase
1594 4637 1731 4701 invicem
1756 4634 1908 4699 distantia

250 4741 447 4826 singulisne
471 4747 681 4805 construxere
705 4742 860 4823 oratoria,
889 4743 1031 4806 mediam
1055 4747 1234 4806 statuentes
1257 4761 1416 4823 sororem,
1450 4761 1522 4804 cum
1555 4761 1618 4826 qua
1641 4738 1825 4803 alternatim
1849 4757 1907 4800 suo

252 4844 303 4909 die
326 4845 423 4909 horas
453 4843 581 4908 diurnas
605 4865 716 4908 eorum
740 4846 823 4909 alter
846 4867 917 4909 cum
941 4847 1040 4910 missa
1062 4845 1251 4910 celebrabat
1274 4850 1405 4930 etpost
1428 4864 1582 4929 vesperas
1613 4864 1686 4906 cum
1716 4862 1756 4905 ea
1778 4861 1908 4905 sumens

252 4949 359 5014 cibum
382 4955 416 5012 et
438 4949 560 5034 gratias
583 4969 685 5034 agens
714 4946 775 5012 deo
800 4954 875 5012 ante
898 4950 975 5014 solis
999 4970 1147 5015 occasum
1164 4948 1411 5014 revertebantur
1427 4946 1469 5011 ad
1485 4948 1660 5011 oratorium
1676 4966 1785 5009 auum:
1810 4965 1907 5008 unus-

199 5074 225 5114 ω
253 5054 386 5139 quisque
411 5053 496 5116 enim
521 5071 632 5116 eorum
655 5053 829 5136 separatim
853 5053 885 5115 in
908 5074 966 5118 suo
990 5053 1271 5138 oratoriovigilias
1287 5052 1485 5117 celebrabat.
1529 5051 1583 5116 isti
1598 5051 1697 5134 igitur
1712 5070 1793 5135 qnos
1809 5069 1905 5134 prae-

251 5156 391 5222 diximus
413 5156 502 5221 beati
526 5162 560 5222 et
582 5157 684 5220 saneti
706 5156 776 5237 viri,
799 5154 955 5221 Mailoous
978 5156 1139 5238 videlicet,
1155 5156 1306 5222 Alleeeus
1322 5163 1419 5242 atque
1436 5155 1560 5240 Egreas
1577 5173 1649 5218 cum
1672 5152 1771 5218 beata
1794 5173 1904 5219 sorore

251 5261 372 5325 cunetis
395 5259 516 5340 mundi,
539 5267 575 5324 ut
598 5261 814 5346 praemissum
840 5265 899 5342 est,
923 5262 1039 5347 spretis
1063 5261 1179 5345 opibus
1203 5268 1237 5324 et
1259 5260 1382 5325 deliciis
1406 5265 1474 5324 toto
1498 5259 1567 5322 nisu
1589 5257 1706 5320 mentis
1730 5257 1772 5320 ad
1795 5277 1907 5343 super-

354 5449 458 5520 ³me
477 5459 550 5518 paret
567 5449 608 5517 (a)
627 5449 733 5516 B(oaco)
829 5449 955 5517 bgyldss
969 5451 995 5502 Β
1014 5451 1150 5516 'aliquoties
1242 5449 1393 5504 arsinoeo
1406 5450 1431 5501 B
1484 5455 1592 5518 peteona
1605 5447 1630 5498 Β
1716 5445 1749 5499 27
1768 5445 1909 5514 singulaB

250 5536 284 5590 29
303 5539 389 5591 -batur
402 5537 555 5602 mabillon)
661 5537 694 5589 31
712 5538 825 5590 ullaaous
839 5536 865 5587 Β

1651 5625 1704 5677 la*
