4598 6300
1021 1299 1424 1368 ORTHOGRAPHIOA.

492 1439 544 1504 De
566 1440 796 1526 orthographia
819 1459 1015 1526 quamquam
1040 1438 1134 1504 Beda
1159 1439 1318 1526 peculiari
1341 1440 1452 1506 libello
1476 1441 1627 1529 exposuit
1649 1440 1799 1528 (gramm
1813 1443 1886 1508 Lat.
1903 1443 1954 1512 ed.
1970 1444 2049 1511 Keil

389 1545 487 1610 sol.7
510 1566 542 1632 p.
559 1548 620 1610 261
635 1548 727 1631 seq.)‚
751 1566 823 1610 cum
846 1545 1011 1609 nonsatis
1034 1549 1170 1625 constat,
1200 1550 1359 1630 quatenus
1387 1547 1452 1610 suis
1484 1548 1668 1634 praeceptis
1700 1547 1770 1633 ipse
1803 1547 2047 1635 obtemperarit,

388 1669 454 1714 non
476 1647 519 1712 ad
541 1655 715 1714 hastatum
738 1650 838 1731 illum,
861 1654 898 1712 ut
919 1649 998 1714 iecit
1019 1647 1184 1713 Holderus
1206 1649 1373 1714 historiam
1390 1650 1642 1715 ecclesiasticam
1668 1650 1777 1733 edens,
1801 1651 1861 1716 scd
1882 1652 1925 1718 ad
1946 1653 2048 1718 libros

388 1753 524 1839 scriptos
557 1753 679 1818 auctori
714 1773 871 1840 suppares
904 1751 1039 1817 Bedana
1070 1751 1239 1832 fonnanda
1270 1759 1379 1836 enmt,
1415 1754 1559 1842 inprimis
1591 1753 1634 1818 ad
1663 1754 1893 1820 nobilissimum
1925 1755 2048 1822 (lanta-

388 1857 584 1942 hrigiensem
608 1857 761 1922 historiae
784 1858 853 1921 eius
877 1856 974 1940 (univ.
990 1855 1056 1920 Klr.
1073 1856 1113 1921 V.
1136 1855 1187 1942 16)
1210 1857 1364 1942 scriptum
1395 1859 1505 1944 paucis
1537 1859 1628 1922 annis
1655 1865 1729 1945 post
1756 1862 1894 1926 auctoris
1922 1862 2048 1927 obitum

388 1985 474 2033 saec.
491 1964 574 2029 VIII
596 1964 704 2029 medio
729 1964 782 2044 (ci.
806 1985 889 2051 quae
918 1963 959 2028 de
990 1985 1030 2029 eo
1059 1963 1142 2028 dixit
1162 1963 1202 2031 E.
1225 1963 1268 2030 n.
1291 1964 1480 2052 Thompson
1503 1966 1545 2031 ad
1568 1967 1731 2032 societatis
1753 1965 2047 2054 palaeographicae

388 2068 478 2135 tabh.
499 2071 568 2133 139.
596 2069 681 2150 140).
726 2066 802 2132 inde
826 2087 909 2152 quae
933 2087 975 2131 ex
992 2067 1117 2131 collatis
1132 2065 1237 2131 libriI
1260 2089 1286 2132 c.
1308 2072 1432 2134 17-23
1455 2071 1525 2156 ipse
1550 2071 1678 2134 enotavi
1701 2069 1951 2157 orthographica
1974 2090 2047 2134 cum

387 2175 420 2238 in
448 2173 567 2238 honam
600 2179 727 2259 partem
754 2172 911 2237 notabilia
939 2177 1007 2235 tum
1039 2172 1155 2235 vitiosa
1184 2171 1321 2253 subieci,
1352 2179 1388 2236 ut
1420 2174 1584 2258 specimen
1612 2173 1762 2237 sisterent
1794 2173 2047 2258 orthographiae

388 2275 543 2341 Bedanae
566 2277 783 2363 praestantius
806 2295 903 2361 quam
926 2274 1134 2361 suppeditant
1157 2274 1380 2340 chronicorum
1406 2277 1616 2364 exemplaria.

491 2401 529 2443 ae
552 2387 586 2445 et
607 2401 638 2444 e:
659 2381 852 2466 plerumque
875 2382 964 2442 recte
988 2378 1226 2463 distinguuntur
1248 2379 1507 2467 compendioque
1533 2379 1687 2445 diiienmt
1708 2400 1790 2460 quae
1813 2380 1906 2468 (av)
1931 2387 1965 2446 et
1985 2401 2048 2462 que

597 2475 679 2569 (q‘).
717 2483 945 2568 exceptionem
968 2481 1091 2546 faciunt
1112 2482 1282 2547 madebant
1305 2523 1344 2532 -
1363 2485 1578 2566 praebendus
1603 2521 1640 2531 -
1658 2504 1791 2564 praeces
1806 2506 1877 2550 cum
1894 2485 2048 2551 derivatis

597 2594 781 2652 constanter
805 2623 845 2634 -
862 2585 1062 2667 praetiosum
1085 2606 1104 2650 e
1126 2587 1285 2651 contrario
1309 2588 1462 2653 odierna
1486 2625 1524 2636 -
1549 2589 1636 2652 cedes
1652 2627 1692 2637 —-
1707 2587 1825 2652 haesis
1849 2627 1888 2636 -
1905 2610 1989 2670 perse
2004 2627 2047 2636 -

589 2712 781 2772 presumere.
825 2689 920 2754 Beda
941 2690 973 2753 in
997 2695 1135 2755 tractatu
1152 2688 1193 2755 de
1217 2691 1450 2778 orthographia
1473 2698 1562 2757 recte
1586 2690 1753 2776 distinguit
1776 2685 1879 2757 caedo
1892 2693 1990 2756 cecidi
2012 2699 2048 2756 et

594 2794 667 2858 cedo
689 2795 777 2872 cessi,
800 2793 897 2858 scribi
918 2793 1010 2857 iubet
1025 2813 1108 2874 pene
1129 2792 1320 2860 adverbium
1344 2815 1403 2881 per
1425 2817 1449 2859 e.

493 2918 509 2960 e
532 2903 566 2961 et
588 2917 638 2963 oc:
660 2898 746 2962 male
769 2897 880 2978 fedus:
902 2902 991 2961 recte
1008 2895 1167 2977 proelium
1192 2935 1230 2946 -
1254 2899 1403 2963 oboedire.

492 3009 564 3066 eat
584 3002 613 3066 i:

544 3127 640 3191 apro
663 3105 696 3169 i:
717 3104 887 3169 Brettones
911 3143 951 3150 —
974 3103 1108 3168 demtus
1130 3143 1171 3152 -
1193 3105 1377 3171 obtenuuat
1404 3143 1443 3154 -
1467 3107 1655 3186 mentiens,
1678 3113 1933 3187 aucuparentur:
1956 3115 2046 3172 recte

647 3207 860 3272 contremescit
881 3206 931 3270 bis
955 3245 996 3254 -
1018 3205 1156 3290 tunam-
1181 3245 1220 3256 -
1247 3207 1382 3273 Treveri.

542 3314 556 3376 i
578 3333 636 3400 pro
659 3333 692 3377 e:
714 3309 895 3375 adulam
911 3347 952 3358 -
968 3311 1136 3375 distinavit
1152 3349 1192 3360 -
1208 3307 1389 3376 elimentum
1412 3349 1453 3360 —
1468 3311 1601 3395 pilaque
1624 3312 1735 3397 (corr.)
1759 3347 1798 3358 —
1816 3313 1988 3392 praeconis
2004 3350 2045 3361 -

645 3415 816 3497 cuminus:
837 3420 926 3478 recte
950 3415 1092 3479 antistes.

492 3521 585 3606 ipro
608 3520 634 3583 ii
655 3517 828 3598 interdum,
853 3517 911 3582 sed
934 3519 1128 3606 plerumque
1153 3518 1382 3600 emendatum,
1404 3521 1437 3584 in
1460 3540 1534 3605 gen.
1557 3521 1638 3605 sing.
1655 3523 1688 3584 2:
1717 3519 1831 3599 impeti
1854 3557 1895 3566 -
1917 3519 2047 3583 incmcdi

597 3660 635 3670 -
654 3621 758 3703 proeli
773 3621 885 3709 (corr.)
910 3629 944 3687 et
963 3623 997 3687 in
1012 3623 1076 3687 abl.
1092 3624 1135 3710 pl.
1152 3627 1185 3688 2:
1208 3624 1391 3688 adamsmu
1411 3661 1449 3672 -
1467 3622 1590 3688 cccmus
1609 3622 1720 3710 (corr.)
1744 3659 1786 3670 -
1807 3623 1909 3702 spatis
1924 3621 2045 3708 (corat

494 3734 568 3791 ost
590 3746 630 3790 u:

544 3850 643 3917 apro
665 3849 707 3894 u:
730 3827 833 3894 imola
856 3830 975 3906 semel;
998 3834 1087 3894 recte
1109 3828 1333 3894 adulescentia.

542 3954 566 3998 u
588 3954 647 4021 pro
670 3954 706 3999 o:
728 3937 913 4014 emetiatur
934 3965 975 3989 =
999 3937 1156 4016 specum
1178 3970 1219 3982 -
1242 3932 1433 3998 niarasis.

494 4036 511 4100 h
535 4043 568 4102 et
589 4059 608 4100 v
630 4044 719 4102 recte
743 4036 829 4101 iere:
853 4037 956 4102 semel
978 4037 1138 4100 turbatus

491 4162 507 4203 o
531 4147 565 4205 et
587 4146 616 4203 t:
638 4141 728 4206 nullo
751 4141 823 4205 loco
845 4146 1070 4226 permutantur
1091 4140 1249 4220 (condicio
1273 4179 1313 4188 -
1336 4140 1524 4204 Mauricius
1539 4176 1580 4187 -
1602 4140 1794 4204 tribunicius
1810 4177 1849 4186 -—
1865 4139 2045 4215 nuntiare).

492 4245 515 4307 d
536 4249 569 4309 st
592 4249 624 4308 t:
646 4245 741 4309 solito
764 4264 855 4309 more
877 4250 998 4308 nostro.

490 4348 512 4428 s
529 4357 563 4414 et
578 4349 644 4430 pb:
667 4350 829 4413 alternant
850 4346 1084 4430 (blasphemare
1109 4385 1147 4395 -
1171 4347 1329 4433 Eunus).

490 4451 511 4515 a
532 4459 622 4518 recte
642 4453 773 4540 ponitur
786 4451 1036 4534 (cadomatorius
1053 4491 1093 4498 —
1112 4451 1259 4516 latrando
1277 4488 1318 4499 -
1334 4451 1504 4515 historicus
1522 4487 1561 4498 -
1577 4449 1777 4531 sepulchrum
1793 4454 1827 4513 et
1841 4448 1987 4530 amulam
2014 4451 2043 4530 ).

491 4578 522 4622 m
547 4563 581 4621 et
601 4577 642 4621 n:
663 4555 858 4638 aliquandiu
880 4593 922 4602 -
944 4575 1120 4637 nunqnam.
1368 4561 1370 4566 '

484 4682 511 4741 p
533 4662 618 4726 inter
640 4683 671 4726 m
694 4667 728 4726 at
750 4666 763 4723 t
786 4658 942 4724 omittitur
966 4666 1170 4723 constanter:
1188 4665 1337 4738 promtus
1360 4697 1400 4706 -
1423 4664 1547 4722 sumtus
1570 4678 1641 4722 cum
1666 4655 1818 4720 derivatis
1843 4693 1879 4704 -—
1905 4659 2043 4720 temtum.

489 4765 644 4847 quecquid
665 4770 861 4830 constanter.
1302 4767 1304 4772 “

489 4891 513 4932 a
535 4871 685 4956 simplex,
708 4891 772 4934 non
792 4890 847 4934 as:
870 4872 1042 4948 aspectare.

491 4975 667 5059 geminatio
684 4975 878 5062 plerumque
903 4978 992 5036 recte
1010 4978 1043 5035 et
1058 4971 1189 5057 ponitur
1203 4969 1357 5055 (litterae)
1374 4977 1408 5034 et
1423 4971 1561 5035 evitatur
1575 4968 1703 5050 (cotidie
1717 5005 1754 5015 —
1773 4967 1851 5031 titus
1863 5005 1901 5014 —
1915 4968 2043 5047 sumum

595 5099 704 5143 errore
729 5079 936 5159 peramato,
966 5076 1046 5140 item
1069 5075 1219 5138 accmmse
1243 5111 1282 5121 -
1307 5073 1447 5138 lenitudo
1470 5111 1506 5122 -
1533 5077 1709 5156 oportunus
1730 5109 1771 5116 —
1793 5069 1945 5134 suetam
1969 5067 2042 5153 (pro

593 5181 795 5266 sateltitibus)
821 5219 858 5227 -
882 5181 1076 5265 plerumque
1099 5177 1281 5254 Brittania,
1305 5177 1406 5242 semel
1429 5175 1631 5252 Brittannia,
1655 5174 1733 5237 item
1757 5172 1938 5237 Brittanni.

358 5309 360 5312 ·
490 5283 684 5349 adsimilatio
700 5287 976 5373 praepositionum
993 5282 1172 5348 admittitur
1194 5283 1227 5347 in
1252 5303 1317 5347 acm
1332 5286 1421 5364 (con)
1437 5284 1623 5346 constanter
1638 5277 1798 5359 (colmam
1816 5315 1852 5324 -
1870 5275 1984 5357 collega
2000 5311 2042 5319 -—

594 5388 846 5475 cornmaaulare),
870 5390 1010 5454 eritatm
1038 5389 1071 5451 in
1093 5387 1138 5451 ad
1160 5387 1308 5470 (adgredi
1332 5425 1371 5434 -
1395 5384 1552 5466 adplicuit
1575 5421 1616 5430 -
1638 5381 1817 5445 adsmtatio
1842 5418 1879 5428 -
1904 5379 2042 5442 adsertio

594 5531 635 5541 -
658 5491 788 5556 adstare
818 5529 857 5539 -—
888 5493 1080 5572 adsumptus
1109 5529 1148 5539 -
1175 5489 1356 5574 adtollere),
1387 5491 1424 5554 in
1454 5488 1647 5574 (innsanitus
1675 5523 1713 5534 -
1743 5486 1905 5548 inmensus
1928 5519 1968 5530 —
1990 5483 2041 5546 in·

592 5595 710 5659 minere
734 5634 773 5642 —
797 5595 893 5676 inpar
917 5633 957 5642 -
980 5592 1100 5675 inplere
1122 5595 1224 5658 semel
1248 5595 1362 5679 certe),
1385 5595 1421 5657 ob
1443 5594 1608 5676 (obponere
1632 5627 1668 5636 —
1694 5588 1888 5670 olmrimun).
