4634 6286
405 356 447 417 94
1105 347 1323 404 AVCTARIVM
1342 349 1362 404 1.

405 525 437 587 in
465 523 748 610 praeparationem
778 523 937 606 euangelii
966 522 1053 608 pacis
1081 522 1113 585 in
1141 521 1288 585 omnibns
1315 520 1465 606 perieulis
1493 521 1642 586 sumebat
1669 527 1795 587 scutum
1826 522 1917 604 fidei,
1940 523 1974 588 in
1997 543 2060 608 quo

406 634 518 712 posset
540 628 646 690 onmia
669 627 735 690 tela
759 627 1026 712 nequissimorum
1043 624 1287 690 daemoniorum
1304 627 1496 709 extinguere
1513 625 1706 711 galeamque
1725 626 1836 690 salutis
1859 634 1893 690 et
1914 625 2059 711 gladium

405 732 552 816 spiritus,
586 729 672 816 quod
701 735 751 794 est
783 729 917 794 verbum
948 729 1010 794 dei.
1062 728 1111 792 his
1140 729 1250 814 itaque
1280 730 1376 792 armis
1405 729 1544 792 munitus
1567 728 1680 794 Gildas
1705 730 1823 795 Christi
1847 731 1939 795 miles
1963 751 2058 818 prae·

407 835 510 899 clarus
543 834 754 920 praedicabat
785 855 904 898 nomen
939 831 1058 899 Christi
1090 833 1280 919 gentilibus,
1314 834 1422 898 multis
1454 855 1497 898 ex
1525 833 1633 900 divina
1665 835 1739 920 lega
1771 834 2059 923 approbationibus

407 939 582 1004 ostendeus
605 939 683 1003 nihil
706 959 778 1003 esse
803 939 890 1024 quod
912 938 953 1003 ab
979 939 1025 1002 eis
1050 937 1270 1003 excolebatur.
1321 938 1503 1004 haereticos
1530 945 1639 1004 autem
1663 939 1797 1004 verbum
1820 940 1933 1004 salutis
1955 959 2059 1025 oppo-
2099 955 2111 994 ⁵

405 1065 485 1108 nens
508 1044 550 1108 ad
572 1045 659 1109 riam
681 1045 825 1109 veritatis
848 1042 1000 1124 adduxit,
1031 1041 1196 1108 acunctis
1229 1063 1285 1107 eos
1314 1063 1442 1129 quoque
1470 1063 1626 1108 revocans
1650 1043 1821 1109 erroribus.
1864 1063 2005 1130 namque
2029 1043 2061 1106 ei

406 1153 528 1212 tantam
559 1148 695 1213 dederat
723 1146 870 1211 dominus
900 1153 1010 1210 noster
1039 1146 1131 1211 Iesus
1159 1145 1305 1210 Christus
1336 1147 1473 1231 gratiam
1497 1147 1595 1210 etiam
1623 1147 1811 1227 sanitatum,
1835 1153 1871 1211 ut
1894 1147 1962 1210 cius
1986 1166 2058 1210 ora-

406 1251 546 1315 tionibus
568 1253 658 1316 caeci
680 1252 955 1332 inluminarentur,
979 1249 1084 1314 surdis
1107 1248 1235 1314 auditus
1259 1249 1451 1314 redderetur
1475 1255 1508 1313 et
1531 1249 1653 1315 claudis
1670 1250 1895 1336 debilibusque
1919 1270 2060 1336 messus,

407 1355 610 1420 daemoniaci
644 1362 845 1437 curarentur,
882 1355 1001 1439 leprosi
1034 1353 1267 1418 mundarentur
1297 1361 1330 1417 et
1357 1353 1471 1418 infirmi
1501 1355 1619 1439 quique
1650 1361 1849 1420 sanarentur.
1900 1354 2062 1442 pergebat
2111 1353 2114 1360 ’

405 1460 504 1544 igitur
526 1459 639 1524 Gildas
661 1460 867 1524 beatissimus
891 1458 1096 1542 euangelium
1119 1457 1236 1522 Christi
1259 1457 1487 1542 praedicando,
1512 1457 1631 1522 docens
1654 1479 1765 1523 reram
1788 1460 1886 1524 fidem
1908 1479 1968 1546 per
1987 1459 2058 1523 nni-
2087 1479 2114 1518 ro

264 1596 267 1602 ·
368 1564 517 1627 9versas
540 1563 720 1649 provincias
742 1568 938 1648 gentemque
966 1583 1058 1626 suam
1087 1561 1130 1626 ad
1159 1582 1269 1626 veram
1301 1561 1557 1646 catholicamque
1580 1562 1679 1627 fidem
1701 1563 1920 1629 convertebat.
1966 1562 2061 1628 Haec

407 1672 440 1730 et
463 1666 513 1730 his
536 1668 651 1732 similia
681 1674 799 1752 agente
828 1666 926 1731 beato
950 1665 1047 1731 Gilda
1070 1667 1173 1730 omnis
1195 1687 1276 1751 gens
1301 1665 1491 1752 aquilonalis
1513 1667 1631 1752 plagae
1655 1666 1789 1732 adeius
1812 1665 2062 1753 praedicationis

407 1769 584 1835 doctrinam
612 1772 720 1856 coepit
741 1770 883 1856 undiquc
908 1772 1082 1835 confluere:
1108 1776 1265 1855 quatenus
1296 1770 1450 1835 derelicto
1482 1771 1595 1856 gentili
1620 1792 1728 1836 errore
1757 1779 1791 1837 et
1813 1777 1969 1858 percepta
1992 1771 2061 1836 eiua

407 1873 626 1940 admonitione
657 1882 786 1940 sanetae
816 1875 965 1939 trinitatis
992 1873 1057 1938 fide
1086 1875 1119 1938 in
1148 1875 1272 1960 granno
1302 1875 1515 1938 collocaretur
1538 1881 1668 1938 sanctae
1694 1877 1802 1940 matris
1826 1876 2002 1956 eeclesiae,
2025 1881 2061 1939 ut

367 2058 371 2067 Ι
406 1985 575 2044 vocaretur
598 1977 716 2044 Christi
740 1999 858 2065 sponsa
882 1987 916 2043 et
938 1979 1130 2065 probaretur
1154 1999 1236 2043 esse.
1283 1978 1533 2043 destruebantur
1555 1979 1665 2064 itaque
1689 1979 1776 2044 idola
1807 1980 1849 2045 ab
1873 1981 1920 2044 eis
1943 1979 1996 2065 qui
2020 1999 2061 2042 aa
2088 1999 2112 2038 a

406 2081 644 2148 fabricaverant
675 2107 748 2149 cum
782 2085 910 2170 templis
939 2085 1004 2148 suis
1032 2089 1065 2148 et
1095 2084 1251 2148 ecclesiae
1280 2083 1534 2148 aedificabantur
1566 2103 1625 2169 per
1658 2104 1801 2169 congrua
1827 2083 1909 2149 loca.
1953 2083 2060 2169 bapti-

407 2186 560 2252 sabantur
586 2188 645 2252 viri
672 2188 797 2252 nobiles
820 2209 893 2252 cum
916 2188 1070 2252 uxoribus
1094 2194 1128 2251 et
1148 2187 1221 2252 filiis
1251 2194 1349 2272 atque
1372 2187 1509 2253 familiis.
1562 2208 1634 2252 eum
1663 2194 1772 2253 autem
1795 2187 1922 2254 videret
1944 2187 2060 2252 beatus

406 2287 518 2354 Gildas
541 2291 713 2356 fecundam
740 2293 865 2377 prolem
889 2291 1136 2355 Christianitatis
1161 2298 1194 2355 et
1217 2298 1347 2355 sanctae
1370 2292 1533 2376 religionis
1556 2292 1675 2379 ubique
1698 2293 1868 2378 pullulare,
1895 2293 2060 2357 inenarra-

406 2394 463 2459 bili
497 2395 616 2479 gaudio
651 2395 794 2480 repletus
833 2396 878 2458 sic
918 2396 963 2458 ait
1000 2395 1146 2459 domino:
1186 2396 1307 2479 gratias
1341 2395 1400 2459 tibi
1439 2417 1517 2480 ago,
1552 2395 1681 2460 domine
1716 2397 1791 2460 Iesu
1826 2394 1968 2478 Christe,
2007 2396 2061 2481 qui

409 2498 563 2583 populum
598 2499 682 2562 huno
718 2499 836 2563 diutius
870 2505 1032 2562 errantem
1067 2500 1168 2562 saneti
1202 2500 1253 2563 tui
1290 2500 1427 2563 nominis
1458 2501 1563 2583 gratia
1597 2499 1847 2564 misericorditer
1879 2500 2059 2564 illuminare
2089 2517 2115 2557 ro

409 2600 560 2686 dignatus
594 2622 629 2666 es
663 2609 695 2666 et
731 2602 773 2667 ad
807 2602 1002 2687 agnitionem
1037 2610 1126 2666 tuam
1158 2604 1328 2688 pervenire
1363 2603 1467 2667 iecisti
1502 2612 1534 2667 et
1568 2605 1622 2690 qui
1655 2605 1811 2669 haetenus
1844 2603 1990 2668 infelices
2027 2608 2060 2666 et

407 2704 545 2769 hebetes
569 2708 744 2770 erravimus
766 2707 799 2770 in
821 2707 953 2791 regione
978 2705 1111 2769 umbrae
1136 2707 1257 2787 mortis,
1281 2705 1413 2771 tandem
1435 2707 1493 2770 lux
1517 2715 1591 2771 tuae
1615 2708 1756 2773 iustitiae
1779 2708 1885 2772 illuxit
1911 2707 2005 2772 nobis
2028 2711 2062 2771 et

353 2806 390 2865 10
409 2829 474 2893 pax
496 2815 656 2894 perpetua
675 2809 740 2873 iarn
756 2816 871 2894 regnat
893 2811 926 2874 in
948 2809 1050 2873 nobis.
1096 2808 1241 2874 Audiens
1264 2817 1373 2874 autem
1396 2809 1495 2874 beata
1518 2810 1683 2896 Brigidda‚
1709 2832 1792 2898 quae
1816 2813 1886 2899 ipso
1914 2818 2061 2897 tempore

373 2971 376 2980 ,
408 2912 541 2996 insignis
565 2919 635 2976 erat
661 2913 693 2976 in
716 2911 913 2976 Hibernensi
942 2932 1075 2976 manens
1106 2913 1209 2976 insula
1239 2919 1272 2976 et
1299 2914 1493 2977 monasterio
1523 2915 1681 2999 virginum
1711 2923 1862 3000 praeerat
1887 2915 2061 2996 abbatissa,

409 3016 500 3100 virgo
531 3017 714 3100 praeclara,
743 3017 862 3080 sumam
895 3017 982 3080 beati
1011 3015 1127 3080 Gildae
1151 3017 1236 3080 misit
1265 3017 1307 3080 ad
1334 3037 1408 3080 eum
1435 3019 1581 3082 nuntium
1605 3041 1676 3083 cunr
1700 3020 1807 3083 verbis
1830 3019 2060 3104 deprecatoriis
2090 3037 2115 3075 ιι

411 3115 534 3181 dicens:
568 3118 690 3204 gaude,
724 3126 818 3205 pater
851 3127 961 3184 sancte
998 3141 1035 3184 ac
1071 3140 1201 3205 semper
1231 3120 1263 3183 in
1297 3119 1427 3184 domino
1462 3123 1557 3206 polle.
1617 3123 1752 3187 obsecro
1785 3131 1832 3206 te,
1866 3131 1901 3188 ιιι
1931 3121 2063 3208 aliquod

409 3220 559 3286 indicium
588 3228 664 3286 tuae
693 3224 871 3288 sanctitatis
898 3222 976 3287 mihi
1005 3224 1221 3288 transmittere
1251 3222 1407 3308 digneris,
1436 3232 1472 3288 ut
1501 3245 1631 3311 semper
1661 3226 1747 3311 apud
1780 3248 1838 3292 nos
1868 3234 1924 3291 tua
1953 3227 2063 3310 vigeat

410 3327 595 3410 perenniter
617 3329 783 3392 memoria.
828 3333 904 3390 tnnc
932 3333 1060 3391 sanetus
1083 3325 1196 3391 Gildas
1226 3332 1381 3412 percepta
1413 3333 1543 3392 sanctae
1574 3328 1706 3413 virginis
1736 3330 1900 3415 legatione
1925 3329 2061 3417 propriis

409 3429 556 3494 manibus
579 3431 751 3494 formulam
774 3430 852 3494 fecit
874 3430 959 3493 fusili
990 3449 1089 3516 opere
1114 3437 1147 3493 et
1177 3428 1425 3493 tintinnabulum
1456 3433 1635 3516 composuit
1665 3432 1840 3498 secundum
1871 3434 2063 3519 petitionem

408 3535 507 3620 ipsius
540 3543 573 3600 et
601 3557 659 3622 per
685 3537 846 3616 nuntium,
871 3555 968 3619 quem
998 3535 1143 3614 miserat,
1178 3534 1208 3596 ei
1243 3534 1430 3609 transmisit;
1460 3535 1546 3621 quod
1576 3536 1630 3600 illa
1664 3536 1809 3621 gaudens
1850 3538 1991 3622 suscepit
2025 3557 2062 3600 ac
2090 3554 2116 3594 ao

354 3642 389 3700 11
410 3639 499 3702 velut
522 3640 663 3704 caeleste
686 3659 800 3702 munus
823 3638 864 3701 ab
897 3658 937 3702 eo
969 3637 1029 3700 sibi
1061 3637 1281 3700 transmissum
1307 3637 1447 3701 libenter
1471 3641 1606 3724 accepit.
1651 3639 1700 3703 Eo
1726 3649 1873 3727 ternpore
1903 3640 2063 3726 regnabat

410 3742 613 3808 Ainmaricus
637 3763 695 3808 rex
719 3763 777 3829 per
799 3747 901 3806 totam
924 3739 1132 3822 Hiberniam,
1157 3741 1210 3825 qui
1234 3742 1357 3826 etipse
1381 3743 1467 3806 misit
1495 3742 1537 3806 ad
1558 3743 1691 3808 beatum
1715 3743 1845 3809 Gildam
1868 3766 2004 3831 rogans,
2027 3750 2063 3808 ιιι

413 3846 455 3910 ad
478 3867 513 3911 se
536 3847 671 3928 veniret,
688 3846 878 3932 promittens
895 3865 929 3908 se
946 3844 1045 3929 ipsius
1063 3843 1213 3908 doctrinis
1229 3845 1260 3908 in
1277 3845 1424 3909 omnibns
1441 3845 1656 3929 obediturum,
1675 3847 1701 3911 si
1717 3848 1849 3912 veniens
1866 3848 2061 3912 ecclesiasti-

411 3971 483 4015 cum
507 3950 652 4028 ordinem
675 3951 708 4012 in
731 3969 788 4014 suo
805 3968 905 4032 regno
922 3953 1130 4028 restauraret,
1153 3947 1228 4032 quia
1250 3967 1355 4032 paene
1372 3947 1562 4013 catholicam
1579 3949 1677 4014 fidem
1694 3951 1728 4014 in
1742 3952 1813 4037 ipsa
1828 3952 1933 4016 insula
1950 3971 2062 4016 omnes

410 4053 616 4138 reliquerant.
663 4074 735 4117 curn
757 4052 840 4116 haec
861 4052 972 4136 itaque
995 4050 1139 4114 audisset
1161 4050 1274 4116 Gildas
1297 4050 1415 4116 Christi
1443 4053 1535 4116 miles
1563 4053 1767 4120 beatissimus
1796 4057 1935 4121 munitus
1966 4056 2062 4120 armis
2090 4072 2115 4113 ss

410 4156 603 4220 caelestibus
630 4157 744 4242 petivit
768 4154 959 4219 Hiberniam
983 4153 1145 4220 Christum
1167 4154 1419 4241 praedicaturus.
1466 4158 1600 4243 contigit
1615 4165 1724 4223 autem
1742 4159 1882 4244 quadam
1899 4161 1961 4243 die,
1986 4159 2062 4224 dnm

409 4267 561 4345 pergeret
589 4259 631 4324 ad
662 4260 748 4344 regis
778 4260 950 4344 palatium,
981 4279 1149 4324 occurrere
1178 4260 1239 4323 sibi
1262 4260 1435 4345 quemdam
1458 4260 1685 4348 paralyticum,
1719 4285 1816 4348 quem
1839 4272 1991 4350 parentes
2014 4265 2062 4328 sui

410 4365 657 4452 circumquaque
686 4365 859 4428 trahebant
887 4372 1081 4449 quaerentes
1109 4364 1292 4428 alimoniam
1321 4365 1361 4428 ab
1389 4365 1501 4429 ineolis
1530 4372 1645 4430 terrae.
1691 4387 1788 4453 quem
1810 4368 1923 4432 ridens
1946 4369 2061 4432 beatus

411 4468 524 4533 Gildas
552 4471 700 4533 misertus
731 4467 816 4532 illius
838 4487 945 4552 genua
968 4468 1059 4531 flexit
1087 4488 1125 4531 ac
1146 4488 1205 4553 pro
1234 4488 1273 4532 eo
1297 4467 1426 4532 domino
1451 4469 1629 4532 orationem
1653 4469 1735 4533 ludit
1758 4476 1792 4534 et
1815 4470 1858 4535 ad
1880 4471 2063 4535 vehiculum

412 4573 522 4636 miseri
545 4572 703 4638 accedens
727 4571 823 4636 dixit:
848 4572 881 4635 in
902 4571 1030 4635 nomine
1055 4569 1175 4635 domini
1198 4571 1298 4635 nostri
1314 4571 1390 4636 Iesu
1406 4569 1524 4635 Christi
1546 4578 1597 4635 sta
1619 4578 1726 4637 rectus
1749 4594 1846 4660 super
1869 4575 1972 4660 pedes
1988 4581 2060 4638 tuos
2088 4589 2114 4628 ⁴⁰

410 4683 442 4740 et
465 4698 484 4739 a
508 4676 637 4740 domino
660 4676 826 4762 pristinam
849 4676 958 4761 recipe
982 4675 1162 4739 sanitatem.
1209 4676 1263 4761 qui
1286 4696 1363 4740 mox
1383 4675 1523 4761 receptis
1538 4675 1658 4740 viribus
1675 4677 1817 4762 corporis
1841 4699 1937 4742 sanus
1961 4678 2061 4742 elfici-

410 4787 460 4844 tur
493 4786 592 4866 atque
627 4780 813 4843 exclamans
841 4798 920 4842 voce
955 4799 1075 4863 magna
1110 4779 1218 4864 eoepit
1251 4779 1458 4864 magnificare
1486 4799 1605 4843 nomen
1633 4779 1753 4844 domini
1787 4788 1819 4844 et
1853 4788 1964 4846 sancto
1995 4781 2062 4845 viro

408 4884 596 4969 magnificas
619 4883 733 4948 laudes
755 4883 895 4964 referre,
927 4880 1037 4946 dicens
1065 4902 1100 4946 se
1129 4883 1176 4946 ire
1200 4903 1271 4946 cum
1293 4883 1362 4964 illo,
1390 4883 1584 4968 ubicumque
1614 4883 1778 4948 voluisset.
1824 4886 1911 4972 qnod
1934 4891 2062 4949 sanctus

408 5013 472 5055 non
488 4993 596 5057 ferens
619 4993 664 5056 ait
687 4993 747 5056 illi:
772 4990 857 5072 vide,
879 5011 920 5054 nc
944 5011 1070 5055 mecum
1083 4991 1204 5070 venias,
1228 4989 1286 5054 sed
1309 4997 1474 5055 revertere
1491 4990 1622 5055 domum
1646 4998 1679 5055 ct
1700 5013 1765 5055 non
1789 4991 1926 5055 desistas
1942 4989 2061 5054 domini

408 5095 660 5161 misericordiam
689 5094 888 5176 collaudare,
920 5095 974 5180 qui
1001 5102 1034 5159 te
1063 5095 1192 5158 sanitati
1222 5095 1370 5159 restituit.
1416 5095 1526 5159 atille
1555 5096 1658 5180 magis
1681 5096 1849 5181 magisque
1872 5095 1905 5158 in
1926 5093 2057 5157 landem
2087 5110 2112 5148 ιι

409 5199 477 5262 eius
500 5200 731 5287 prorumpebat
755 5206 789 5263 et
811 5199 947 5280 cunctis,
977 5219 1057 5283 quos
1087 5199 1199 5263 obvios
1221 5198 1381 5282 habebat,
1405 5196 1567 5263 indicabat
1590 5198 1717 5263 dicens:
1742 5199 1926 5279 venientes,
1951 5198 2059 5261 venite

409 5323 521 5366 ornnes
551 5310 584 5367 ct
611 5303 719 5367 videte
749 5303 850 5365 virum
879 5307 1024 5366 sanctum
1049 5301 1116 5384 dei,
1145 5303 1199 5387 qui
1230 5303 1307 5366 mihi
1338 5304 1508 5367 sanitatem
1533 5303 1674 5389 eorporis
1698 5309 1731 5366 et
1758 5303 1884 5367 animae
1908 5300 2058 5366 reddidit.

512 5545 544 5597 21
564 5547 737 5612 cognitionem
749 5546 774 5596 Β
895 5543 931 5596 24
948 5545 1058 5612 hybern-
1070 5543 1095 5595 Β
1118 5545 1158 5596 liic
1182 5553 1206 5597 rt
1227 5545 1345 5609 deinceps
1466 5543 1500 5597 28
1518 5545 1662 5612 perenniter
1686 5563 1733 5597 orn.
1749 5545 1781 5595 M
1896 5545 1931 5598 29
1948 5545 2027 5598 iusuli
2039 5543 2064 5595 Β

408 5631 442 5686 32
459 5629 623 5698 ainmericus]
642 5650 709 5685 corr.
732 5631 890 5684 O'Donovan
908 5630 1016 5696 (ιιιιηαιι
1035 5635 1066 5696 cs
1081 5631 1192 5683 Irelancl
1205 5632 1222 5684 Ι
1235 5649 1263 5698 p.
1276 5631 1349 5696 205),
1367 5633 1520 5684 cormaricus
1539 5631 1653 5683 traditur
