4552 6308
821 355 854 410 V.
873 351 1080 411 osueucvhl
1100 351 1232 408 REGVM
1252 349 1593 407 numerantem

707 530 798 612 Flsl)
1176 525 1216 590 Η
1444 545 1504 611 imp.
1536 560 1559 596 a.
1572 543 1619 594 Ph.
1661 473 1808 595 degpfflli

657 702 782 768 Ioviani

654 839 873 904 Valentiniani
1052 837 1272 903 Valentiniani

1113 947 1147 1006 et
1168 939 1317 1006 Valentis

654 1063 803 1128 Valentis
1052 1061 1201 1128 Valentis
1225 1065 1259 1126 et

1114 1164 1260 1230 Gratiani
1282 1163 1407 1229 Romae

488 1305 549 1370 His
573 1305 735 1370 erroribus
751 1305 916 1390 castigatis
940 1325 1036 1369 nemo
1060 1299 1135 1384 iam,
1159 1304 1283 1389 opinor,
1308 1323 1419 1367 eorum
1436 1325 1521 1390 quae
1537 1309 1611 1389 post
1627 1302 1785 1368 lullauum
1803 1303 1836 1365 in
1850 1301 1913 1366 hac
1930 1299 2047 1364 tabula

379 1411 531 1496 leguntur
553 1430 573 1474 a
598 1409 736 1473 Theone
760 1410 918 1472 rationem
943 1409 1065 1494 exiget,
1089 1407 1147 1473 sed
1171 1409 1217 1472 eis
1241 1408 1294 1493 qui
1318 1406 1488 1472 Theo'nem
1511 1409 1595 1472 inter
1619 1415 1653 1472 et
1670 1407 1872 1493 Stephanum
1897 1405 2046 1469 tabulam

380 1514 647 1579 continuaverunt
670 1512 797 1598 culpam
820 1513 1001 1598 imputabit.

487 1632 594 1698 Etiam
618 1632 747 1718 lougius
768 1638 885 1718 postca
907 1633 940 1696 in
960 1631 1167 1697 Theodosiil
1190 1632 1427 1697 successoribus
1449 1633 1624 1698 laterculus
1649 1632 1864 1698 Heraclianus
1888 1631 2046 1697 discedit:

547 1867 722 1980 Ἀθκθζδιθὲ
743 1873 801 1980 καζ
820 1867 975 1981 (φώρως
998 1869 1050 1939 ἷόἱ
1192 1907 1226 1971 ιδ
1278 1907 1349 1992 strio
1410 1899 1588 1993 Ἀρκαδιόο
1718 1908 1753 1973 ιδ
1806 1908 1875 1993 pla

616 1985 717 2027 αοτου
741 1958 775 2026 ἐν
801 1965 900 2048 Ρωμῃ
1367 1997 1369 2010 ³

546 2073 704 2167 εΟνιδριος
726 2079 782 2145 καὶ
811 2075 991 2158 Θεοδόσιος

616 2167 816 2254 ἀδελφιδοῦς
1552 2233 1560 2256 ‚

555 2283 733 2366 Θεοδόσιος
755 2283 872 2372 μικρός
1153 2255 1357 2387 ijffl
1418 2236 1599 2370 Θεοζιοσιου
1705 2293 1754 2373 μβ
1807 2299 1874 2373 ψογ

554 2403 735 2486 Θεοδόσιος
756 2407 812 2473 καὶ
834 2401 1042 2476 Οὖαλεντινι-

616 2491 694 2573 αιδς
716 2493 749 2560 ἐν
767 2488 875 2584 Ῥώμῃ

555 2608 824 2694 Οὐαλενιινιανὸς
846 2615 903 2682 καὶ

618 2697 813 2788 Μαρκιανὸς
831 2701 865 2768 ἐν
888 2699 1058 2790 Βυζαντίῳ

551 2818 747 2910 Μαρκιαιός

550 2942 650 3012 Λέων
672 2943 776 3030 μέγας

1411 3062 1559 3144 Λέοντος
1719 3088 1753 3149 ιη
1810 3065 1877 3152 ψᾳζ

1249 3165 1367 3308 rr

1366 3273 1884 3286 l——u————--——n

550 3063 650 3133 Λέων
673 3065 730 3131 καὶ
750 3059 931 3148 Ἀνδέμιος
953 3057 1147 3164 &KQ

1161 3157 1344 3164 -—--—-——

549 3187 649 3255 Λέιον
671 3181 788 3273 μικρός
1161 3276 1242 3282 --

550 3317 581 3376 Ζ
592 3305 663 3374 ’νων
685 3307 742 3374 καὶ
766 3301 784 3375 ὃ
809 3302 879 3387 υἱός
1154 3303 1156 3386 i
1192 3307 1224 3388 ιζ
1249 3309 1287 3386 iro
1307 3309 1341 3374 ιδ
1358 3287 1367 3382 l·
1411 3315 1442 3374 Ζ
1454 3303 1563 3387 ’νωνος
1682 3350 1684 3390 Ι
1721 3307 1754 3390 ιζ
1814 3309 1876 3374 ιοιδ

382 3473 446 3516 non
475 3450 646 3515 obscurum
680 3454 730 3512 est
757 3446 843 3511 unde
874 3447 1001 3533 plenior
1026 3447 1191 3510 nominum
1221 3448 1391 3530 memoria,
1409 3449 1441 3511 in
1470 3449 1660 3513 laterculum
1689 3447 1921 3513 Heraclianum
1942 3447 2047 3510 inlata

383 3558 440 3622 sit:
477 3576 519 3619 ex
553 3552 670 3618 eodem
705 3551 857 3637 exemplo
893 3549 1012 3615 codicis
1043 3550 1262 3614 Theodosiani
1291 3557 1327 3615 ut
1354 3551 1454 3616 fastos
1486 3553 1685 3630 consulares,
1716 3555 1762 3616 ita
1793 3552 1876 3616 hanc
1900 3549 2046 3614 tabulam

385 3659 570 3746 Stephanus
587 3656 775 3742 desumpsit.
823 3675 865 3718 ex
882 3675 945 3740 quo
962 3655 1050 3718 fonte
1068 3655 1277 3719 vetustiorem
1294 3655 1425 3720 tabulae
1446 3663 1583 3742 partem,
1601 3664 1636 3721 ut
1659 3679 1690 3742 p.
1708 3660 1781 3736 448,
1801 3659 1906 3720 354
1931 3654 2045 3719 videre

382 3765 470 3845 licet,
493 3767 699 3842 retractasse,
723 3759 937 3844 posteriorem
958 3757 1034 3820 inde
1059 3778 1078 3820 a
1101 3757 1235 3822 Ioviano
1258 3759 1449 3843 repetivisse
1474 3758 1613 3824 videtur.

486 3883 538 3947 De
562 3889 745 3967 temporum
773 3878 848 3943 inde
886 3877 1154 3942 oTheodosioI
1184 3877 1369 3944 definitione
1399 3880 1475 3944 licet
1506 3881 1639 3945 brevem
1671 3901 1752 3945 esse.
1797 3886 1890 3945 vetus
1912 3881 1985 3960 lex,
2009 3885 2048 3942 ut

383 3986 561 4052 successori
583 3985 834 4063 adscriberetur,
859 4003 921 4069 quo
946 3980 1098 4046 decessor
1121 3991 1264 4046 mortuus
1287 3989 1343 4046 aut
1365 3990 1507 4047 remotus
1532 3991 1597 4066 est,
1627 4005 1743 4065 annus,
1773 3983 1915 4047 nondum
1944 3983 2044 4068 plane

383 4093 417 4156 in
441 4090 637 4155 oblivionem
660 4089 753 4162 abiit;
786 4087 975 4151 observatur
998 4107 1037 4150 ea
1059 4087 1091 4149 in
1116 4085 1335 4151 Theodosiol
1358 4087 1522 4151 Marciano
1544 4088 1719 4152 Iustiniana
1736 4088 1858 4152 iustine
1874 4086 1910 4151 II
1932 4085 2048 4150 Phoca

384 4195 547 4259 Heraclio.
594 4191 652 4256 sed
675 4212 779 4276 aeque
809 4198 906 4275 atque
929 4192 961 4253 in
984 4191 1117 4254 Ioviano
1140 4189 1260 4254 factum
1283 4190 1438 4260 videmus.
1462 4213 1702 4278 nonnumquam
1724 4191 1911 4277 imperatori
1938 4211 2043 4254 annus

384 4300 516 4364 ultimus
538 4299 565 4362 is
589 4297 772 4381 assignatur
795 4315 858 4380 quo
874 4301 1017 4357 mortuus
1034 4300 1067 4357 et
1083 4313 1300 4358 successorem
1317 4302 1429 4360 nactus
1447 4304 1505 4378 est,
1523 4298 1612 4360 velut
1627 4294 1769 4360 Arcadio
1785 4295 1889 4359 Leoni
1907 4294 2045 4358 Zenoni.

385 4409 435 4467 est
458 4403 556 4466 etiam
580 4400 635 4465 ubi
658 4401 726 4464 iure
751 4398 889 4476 dubites,
913 4403 1049 4462 vetusne
1073 4399 1128 4461 lex
1152 4397 1343 4462 observetur
1365 4421 1406 4463 an
1430 4402 1537 4487 potius
1553 4400 1730 4465 secundum
1747 4397 2046 4464 Alexandrinorum

384 4527 509 4572 morem
532 4527 634 4570 annue
656 4505 740 4569 fixus
763 4525 782 4567 a
806 4503 836 4568 d.
853 4499 970 4566 XXIX
993 4523 1034 4566 m.
1059 4503 1187 4586 augusti
1211 4503 1366 4588 incipiens
1389 4504 1620 4589 intellegetur:
1645 4511 1681 4567 ut

538 4625 714 4690 Theodosii
736 4623 769 4689 Π
793 4624 908 4689 dicitur
931 4643 1031 4686 annus
1054 4629 1235 4708 postremus
1259 4622 1422 4688 Philtra
1448 4626 1523 4710 (ine.
1548 4623 1579 4690 d.
1596 4624 1648 4689 III
1670 4646 1710 4688 m.
1737 4625 1915 4704 11151449),

697 4730 750 4815 qui
773 4735 917 4792 mortuus
942 4733 991 4790 est
1014 4725 1044 4791 d.
1061 4724 1210 4790 XXVIII
1232 4747 1274 4792 m.
1298 4727 1352 4792 iul.
1369 4732 1432 4792 450

540 4851 702 4917 Anastasii
726 4849 842 4915 dicItur
864 4869 964 4912 annus
987 4854 1170 4934 postremus
1193 4847 1276 4912 Phil.
1294 4852 1354 4913 841
1381 4849 1454 4932 (ine.
1480 4849 1514 4914 d.
1531 4848 1612 4913 XVI
1636 4871 1678 4916 m.
1703 4872 1771 4937 apr.
1788 4851 1875 4934 517),

698 4955 751 5041 qui
773 4959 918 5018 mortuus
942 4959 992 5017 cst
1015 4952 1045 5018 d.
1062 4951 1112 5017 IX
1135 4973 1176 5016 m.
1200 4953 1254 5016 iul.
1273 4956 1334 5017 518

541 5078 654 5141 Iuetini
677 5077 693 5140 Ι
717 5075 832 5140 dicitur
854 5097 955 5140 annus
979 5081 1161 5161 postremus
1184 5074 1268 5139 Phil.
1286 5078 1348 5140 850
1373 5075 1448 5160 (inc.
1475 5075 1506 5139 d.
1525 5076 1606 5140 XIV
1628 5099 1670 5142 nr.
1695 5099 1762 5164 apr.
1781 5077 1867 5160 526),

696 5181 750 5266 qui
773 5185 917 5243 mortuus
942 5186 991 5243 est
1014 5180 1077 5244 kal.
1103 5199 1175 5263 aug.
1194 5181 1255 5241 527

543 5302 664 5367 Tiberii
688 5301 804 5368 dicitur
827 5323 929 5366 annus
953 5309 1137 5388 postremus
1160 5301 1325 5365 Phileas
1350 5302 1423 5382 (ine.
1448 5301 1478 5366 d.
1495 5301 1611 5366 XXXI
1635 5325 1676 5366 ur.
1700 5309 1793 5368 mart.
1812 5300 1897 5384 581),
2023 5328 2026 5337 ·

700 5408 754 5492 qui
776 5413 921 5471 mortuus
946 5412 995 5470 est
1019 5406 1049 5472 d.
1066 5405 1149 5470 XIV
1171 5427 1211 5469 m.
1236 5425 1309 5490 aug.
1329 5408 1403 5468 582:

496 5563 515 5630 ¹)
540 5583 591 5616 non
610 5567 689 5616 verbo
707 5567 814 5632 dignum
838 5575 878 5617 est
896 5567 988 5618 vitium
1008 5565 1075 5629 quod
1093 5565 1143 5614 hoo
1162 5565 1216 5614 loco
1235 5564 1261 5613 iu
1286 5563 1410 5614 laterculo
1431 5565 1546 5615 Leoniuo
1564 5566 1727 5616 commissum
1746 5573 1784 5616 cst
1807 5565 1869 5616 locis
1887 5563 2006 5614 Valentis
2026 5573 2053 5617 et

388 5652 565 5706 Valentiniani
584 5655 744 5720 permutatis,
764 5669 825 5704 narn
845 5655 895 5720 ipsi
912 5652 1013 5704 numeri
1032 5669 1091 5702 cum
1111 5651 1168 5701 rani
1186 5651 1238 5700 sint
1256 5650 1355 5701 faciunt
1373 5657 1403 5701 ut
1420 5653 1548 5705 neminem
1567 5668 1636 5703 orror
1655 5652 1753 5703 librarii
1771 5652 1863 5722 l'ugiat.
