4552 6308
966 372 1214 428 nrnrnreuvs.
1850 380 1913 442 429

254 572 316 632 per
330 549 556 615 divinationem
571 549 754 624 addisceret,
777 546 851 627 quis
864 551 1058 628 repnoturus
1078 546 1193 627 suisset
1208 551 1283 626 post
1297 547 1402 628 ipsum
1417 548 1453 611 in
1468 547 1647 612 Romanam
1661 569 1727 612 rem
1736 548 1912 630 puplicam,

262 661 292 719 et
313 656 432 719 dictum
455 660 501 718 est
522 654 593 717 eia
610 651 812 735 pytboniam,
842 652 926 732 quod
946 649 1062 736 infans
1084 651 1227 716 Hebreus
1248 652 1359 716 iubens
1380 652 1459 716 decos
1480 674 1496 715 c
1518 650 1602 716 caelo
1624 652 1784 718 beatorum
1806 654 1912 718 discu-

262 761 343 824 tiens
368 759 453 824 bauo
481 757 689 834 domicilium,
718 762 827 822 cetero
855 757 983 842 genitus
1011 757 1079 821 sine
1107 759 1252 838 macula,
1281 757 1390 822 statim
1417 757 1482 820 iam
1509 756 1645 820 uenienti
1666 755 1852 839 alienusque
1873 757 2057 828 abnuens.

262 864 331 928 aris
357 864 482 927 nostris.
527 863 712 944 quinniens
740 861 813 925 inde
828 862 996 944 Aapustus
1021 861 1141 926 Caesia
1161 882 1183 925 a
1205 862 1431 926 diuinationem
1453 867 1482 925 ct
1504 862 1636 926 ueniens
1658 861 1693 924 in
1719 859 1912 942 Capitolium

223 988 234 1024 ο
262 967 443 1047 aedificarit
465 967 510 1031 ibi
531 986 623 1031 aram
645 985 791 1048 napinam
814 965 849 1028 in
870 965 1048 1029 sublimiori
1070 963 1143 1043 loco,
1165 966 1202 1029 in
1222 985 1288 1046 qua
1309 970 1339 1029 et
1360 965 1488 1045 scripsit
1505 965 1635 1029 Latinis
1656 963 1771 1030 litteris
1791 964 1914 1030 diceris:

262 1071 338 1136 baec
361 1091 454 1135 aram
478 1069 541 1152 (ilii
569 1070 620 1133 dei
649 1074 702 1133 est.
753 1067 839 1132 unde
873 1069 1069 1132 factumest
1096 1076 1171 1154 post
1193 1075 1242 1132 tot
1268 1070 1359 1132 annis
1383 1067 1578 1133 domicilium
1607 1067 1714 1154 adque
1736 1069 1912 1134 baselicam

261 1175 380 1239 beatos
404 1181 438 1239 et
460 1193 589 1260 semper
610 1172 742 1256 virginis
764 1170 888 1236 Mariae
911 1173 1069 1253 usquein
1091 1177 1268 1256 presentem
1291 1172 1389 1250 dum,
1417 1172 1501 1235 sicia
1523 1177 1553 1236 et
1577 1172 1760 1238 Timotheus
1781 1173 1912 1238 chrono-

260 1279 378 1361 prasus
404 1283 629 1342 cornmemorat.
674 1282 744 1360 post
766 1277 822 1342 boc
844 1283 950 1342 autem
975 1265 1043 1359 ipse
1064 1277 1232 1360 Aupustus
1253 1282 1351 1342 morte
1372 1297 1434 1340 suo
1456 1275 1626 1357 defunctus
1648 1284 1693 1342 est
1715 1299 1817 1356 senen,
1842 1299 1913 1342 oum

262 1387 340 1447 esset
362 1401 520 1446 annorum
543 1379 685 1445 LXXV.

213 1504 237 1542 ιο
367 1490 397 1552 9.
427 1485 504 1550 Post
531 1506 662 1568 repnum
691 1505 760 1548 vero
782 1484 924 1566 Aupusti
955 1483 1105 1552 Caesaris
1133 1486 1192 1550 sub
1214 1485 1377 1551 cmuobitu
1400 1485 1489 1550 Secti
1518 1491 1547 1550 et
1568 1485 1745 1551 Septiciani
1772 1485 1914 1568 reperavit

249 1591 411 1656 Tiberius
437 1588 563 1668 ansor,
587 1610 659 1653 cum
684 1595 771 1653 esset
794 1588 941 1654 dominus
966 1589 1059 1654 Iesus
1082 1587 1228 1654 Christus
1250 1591 1334 1655 inter
1356 1590 1503 1655 homines
1527 1590 1651 1655 habens
1675 1591 1791 1656 aetatis
1813 1609 1913 1654 annos

262 1696 336 1760 XV.
382 1695 419 1758 in
439 1715 524 1758 anno
551 1699 658 1759 aretem
679 1693 751 1757 XV
766 1695 856 1775 repul
881 1694 1020 1758 eiusdem
1046 1693 1165 1759 Tiberii
1191 1693 1339 1760 (laesuris
1364 1696 1422 1759 sub
1449 1693 1611 1758 consolatu
1634 1695 1760 1760 Silvani
1782 1699 1811 1759 et
1834 1693 1915 1758 Neri
1924 1705 1974 1748 Mel·
1985 1718 2005 1760 r·
2014 1711 2059 1752 οε·

262 1799 361 1883 caepit
382 1803 513 1862 sanctus
527 1797 687 1863 Iohannes
704 1818 876 1878 precursor
890 1798 1061 1878 predicare
1083 1798 1274 1880 baptismam
1289 1799 1497 1879 penitentiae,
1522 1804 1551 1862 et
1573 1799 1796 1880 baptizabatur
1810 1819 1915 1864 omnes

264 1904 366 1969 Iudeo
387 1903 562 1968 meandum
578 1901 794 1986 propheticam
816 1921 926 1966 vocem.
972 1906 1048 1966 tunc
1070 1904 1154 1967 venit
1173 1903 1218 1967 ad
1231 1925 1303 1967 cum
1317 1904 1466 1968 domim
1480 1905 1573 1968 Iesus
1591 1902 1737 1968 Obrutus
1752 1925 1772 1967 a
1788 1903 1915 1969 Galilsa

214 2029 237 2068 a
264 2008 300 2071 in
321 2007 482 2072 Iordarme
507 2007 664 2088 inanium
690 2026 848 2070 annorum
872 2005 989 2083 XXX,
1019 2005 1054 2071 id
1084 2013 1133 2070 est
1156 2005 1225 2070 dies
1247 2006 1314 2070 XII
1337 2028 1435 2094 supra
1458 2029 1558 2073 annos
1580 2007 1647 2072 XX
1671 2014 1704 2072 et
1726 2006 1836 2088 VIIII,
1861 2007 1916 2092 qui

264 2117 381 2176 octaua
407 2110 472 2174 kal.
495 2110 662 2175 Ianuarias
689 2115 784 2173 nnius
813 2115 864 2174 est
886 2108 927 2174 de
949 2109 1090 2195 virgine,
1115 2115 1149 2175 et
1170 2109 1254 2175 VIII
1276 2110 1347 2175 idus
1371 2111 1538 2177 Ianuarias
1560 2111 1741 2197 baptizatus
1764 2131 1807 2175 ex
1830 2131 1915 2196 aque

264 2221 323 2299 est,
353 2236 391 2278 ea
418 2235 479 2294 quo
509 2219 538 2278 et
565 2212 728 2278 mirabilia
756 2211 861 2292 sacae
881 2213 1050 2277 incboauit.
1096 2219 1126 2278 et
1152 2215 1331 2294 baptizatus
1353 2221 1398 2279 est
1426 2217 1462 2280 in
1482 2217 1643 2281 lordanne
1665 2215 1797 2294 flumine
1820 2213 1915 2278 Pale-

262 2320 352 2397 stine,
376 2319 411 2381 in
432 2339 535 2382 manse
554 2318 711 2394 Audinco,
733 2318 790 2397 aui
811 2322 841 2381 et
862 2317 1029 2396 Ianuario,
1053 2318 1104 2382 dic
1125 2323 1213 2382 secta
1234 2319 1358 2397 mensis,
1382 2318 1466 2383 VIII
1489 2318 1599 2384 iduum
1622 2320 1858 2398 Ianuariarum,
1880 2319 1917 2382 in

263 2428 364 2500 nocte,
392 2443 449 2485 ora
472 2422 592 2486 declnm
621 2422 735 2498 noctis,
767 2421 829 2486 hoc
858 2421 962 2486 estin
985 2421 1141 2506 diluculo,
1172 2422 1230 2488 sub
1253 2422 1416 2488 cmuciatu
1439 2423 1551 2504 Rupbi
1573 2429 1603 2488 et
1626 2422 1832 2488 Rubellionis.
1877 2443 1917 2486 ea

213 2547 238 2586 το
264 2548 326 2608 quo
348 2532 377 2590 et
399 2526 558 2593 Iohannes
580 2525 734 2606 Baptista
756 2524 938 2590 decbrratas
958 2526 1067 2607 faetus
1088 2532 1134 2592 est
1155 2527 1349 2606 bominibus,
1373 2549 1464 2610 quem
1485 2534 1515 2593 et
1536 2529 1699 2595 mandauit
1719 2526 1861 2592 Herodes
1884 2527 1917 2590 iu

263 2651 426 2696 carcerem
458 2631 494 2695 in
523 2629 699 2695 Sebastiam
726 2631 835 2694 urbem
865 2630 934 2695 IIII
962 2631 1026 2696 kal.
1050 2630 1252 2718 Septembris
1280 2633 1338 2698 cub
1369 2633 1532 2698 consolatu
1561 2633 1719 2698 Flaconis
1749 2637 1778 2696 et
1801 2630 1917 2710 Rufini

257 2739 389 2816 propter
410 2735 586 2800 Heredium
608 2755 738 2799 acorem
758 2733 885 2816 Filippi
906 2735 1023 2816 fratris
1043 2737 1113 2814 sui,
1137 2757 1170 2802 eo
1192 2737 1276 2818 quod
1297 2735 1419 2802 inlicite
1440 2739 1578 2803 dunaal
1599 2759 1683 2815 eam,
1711 2737 1796 2800 sicut
1816 2735 1916 2816 scrup-

263 2844 331 2904 tam
353 2844 407 2904 est.

373 2947 419 3007 10.
445 2942 542 3006 Anno
568 2942 669 3023 ipitur
695 2940 827 3006 XVIII
852 2943 941 3023 repni
972 2941 1093 3007 Tiberii
1124 2941 1286 3023 anmrie,
1321 2965 1424 3009 meuse
1450 2947 1546 3010 etiam
1569 2944 1640 3012 VII
1663 2945 1768 3010 octavi
1799 2943 1915 3008 decimi
1926 2963 1976 3008 na.
1986 2967 2059 3018 uuo.

213 3073 238 3113 α
265 3049 338 3112 anni
360 3047 453 3133 regni
476 3047 559 3128 eius,
588 3046 695 3125 tactus
716 3066 875 3112 annuum
898 3047 984 3110 circa
1005 3047 1171 3111 XXXIII
1186 3049 1280 3112 Iesus
1305 3047 1457 3113 Christus
1479 3049 1626 3114 mnium
1648 3055 1753 3113 noster
1776 3049 1916 3112 traditus

263 3157 309 3217 est
330 3172 351 3215 a
374 3151 460 3216 Inda
482 3151 641 3215 Scarioles
667 3149 823 3230 discipulo
845 3171 903 3215 seco
925 3173 1028 3215 meuse
1049 3150 1175 3229 Distro,
1204 3153 1261 3233 qui
1282 3157 1312 3216 ct
1334 3152 1467 3231 Martio,
1492 3151 1644 3218 XXIIII
1664 3153 1714 3218 die
1736 3155 1860 3232 mensis,
1885 3152 1918 3217 id

264 3262 314 3320 est
335 3255 437 3320 VIIII
457 3255 521 3320 kal.
538 3253 642 3341 April,
667 3252 746 3317 luna
770 3253 868 3320 XIII
885 3254 1002 3320 babaria
1024 3254 1115 3319 diem.
1163 3261 1232 3320 erat
1253 3262 1360 3321 autem
1382 3257 1449 3320 dies
1471 3255 1576 3337 er'r,
1599 3277 1656 3322 ora
1677 3263 1835 3321 nootmno
1860 3253 1916 3320 Vl.

263 3365 293 3424 et
314 3360 430 3425 dactus
451 3365 496 3424 cst
519 3359 563 3422 ad
588 3357 743 3438 Oaipbam
758 3359 939 3440 principem
960 3360 1157 3424 sacerdotum
1179 3365 1209 3425 et
1223 3361 1297 3425 inde
1312 3361 1453 3424 traditus
1474 3365 1520 3424 est
1535 3360 1651 3426 Pontio
1666 3360 1775 3425 Pilato
1792 3361 1917 3441 presidi

264 3465 367 3549 prima
389 3483 494 3528 mane.
540 3467 570 3526 et
591 3463 739 3526 continuo
761 3463 899 3527 academ
922 3461 1024 3527 Pilati
1045 3485 1128 3528 uaor
1149 3465 1275 3529 nomine
1290 3463 1406 3530 Procla
1427 3465 1514 3529 misit
1536 3465 1581 3529 ad
1600 3485 1672 3530 eum
1687 3465 1813 3529 dicem:
1835 3463 1919 3528 nibil

213 3590 238 3630 so
265 3568 323 3632 tibi
345 3572 376 3632 et
396 3568 481 3632 iusto
503 3565 569 3644 illi;
589 3565 724 3630 multum
747 3567 830 3630 enim
845 3587 948 3647 passa
970 3588 1041 3632 sum
1063 3565 1154 3631 bodie
1171 3589 1234 3649 per
1255 3569 1357 3634 aisrim
1373 3574 1506 3650 propter
1528 3590 1608 3634 eum.
1653 3575 1683 3633 et
1706 3573 1919 3651 capnoscenles

262 3671 319 3735 lroc
341 3672 458 3736 Iudaei
486 3671 669 3734 seditionem
700 3671 935 3736 concitaverunt
966 3672 1119 3736 dicentes:
1146 3672 1217 3737 tolle
1247 3673 1318 3739 tolle
1347 3675 1494 3756 crucifipe
1522 3695 1602 3738 eam.
1648 3680 1719 3738 erat
1740 3675 1840 3759 igitur
1862 3693 1919 3736 ora

264 3775 324 3858 III,
348 3774 476 3861 quando
501 3773 764 3840 adclamaverunt
787 3775 902 3841 Iudaei
924 3778 988 3841 suis
1010 3777 1144 3842 vocibus
1167 3779 1391 3864 curcifigentes
1411 3778 1591 3845 filiumdei.
1630 3779 1793 3864 accipiens
1809 3783 1918 3841 autem

263 3880 425 3944 sententia
457 3878 604 3944 dominus
633 3888 744 3944 noster
772 3880 864 3945 Iesus
893 3880 1038 3947 Christus
1069 3883 1245 3963 macidane
1274 3888 1319 3947 cst
1357 3883 1541 3968 specialiter
1570 3883 1659 3948 VIII
1687 3881 1749 3947 leat.
1782 3880 1918 3962 Aprilis,

263 4004 366 4048 mense
380 3983 514 4062 Martio,
541 3982 648 4048 XXV
666 3983 718 4049 die
734 3987 864 4068 mensis,
887 3985 966 4050 luno
986 3985 1109 4051 XIIII.
1146 3993 1215 4051 erat
1235 3992 1342 4052 auum
1356 3987 1406 4051 VI
1428 3988 1478 4052 ie‘r
1493 4007 1679 4067 parasceue,
1703 4007 1761 4052 ora
1782 3986 1846 4050 diei
1865 3984 1918 4063 VI,

215 4111 239 4150 a
267 4093 295 4151 et
318 4089 504 4152 obscuratus
526 4092 571 4152 est
592 4086 639 4152 sol
659 4093 689 4153 et
710 4095 802 4154 aaut
824 4091 967 4154 tenebrae
982 4112 1044 4172 per
1064 4093 1248 4157 universum
1270 4092 1434 4156 mundum.
1480 4111 1566 4156 anno
1587 4095 1694 4156 autem
1708 4088 1842 4154 XVIII
1859 4089 1918 4153 im-

259 4192 347 4272 perii
370 4191 491 4256 Tiberii
520 4191 670 4258 Caesaris
698 4190 775 4256 baec
805 4193 899 4274 facta
920 4199 1009 4272 mint,
1040 4196 1089 4259 ita
1115 4201 1153 4259 ut
1180 4195 1269 4276 ficret
1291 4194 1421 4275 desectio
1443 4193 1519 4258 solis
1546 4195 1720 4258 maalmam
1742 4213 1838 4274 quam
1860 4213 1919 4274 qiu

266 4300 341 4358 nota
362 4299 439 4359 surct
466 4295 632 4376 contipisse
656 4295 766 4375 prius,
794 4300 824 4359 et
844 4295 911 4376 fuit
930 4318 995 4362 noa
1016 4297 1096 4363 bora
1117 4299 1182 4362 diei
1211 4297 1265 4377 VI,
1289 4299 1337 4362 ita
1358 4303 1395 4362 ut
1422 4296 1529 4361 stellas
1555 4298 1592 4360 in
1614 4297 1698 4361 caelo
1720 4302 1917 4377 apparerent.

265 4397 404 4462 salvator
434 4419 504 4463 vero
538 4399 630 4463 lestis
660 4398 806 4463 Gbristus
833 4401 970 4466 tradidit
1002 4403 1152 4483 spiritam
1183 4424 1241 4466 ora
1274 4423 1367 4467 nona.
1419 4408 1449 4466 et
1475 4401 1585 4464 statim
1610 4400 1700 4481 facta
1726 4405 1772 4464 est
1799 4402 1856 4464 lux
1883 4399 1918 4463 in
1927 4429 1978 4473 τω,
1989 4435 2061 4484 ,m

266 4523 386 4568 omnem
408 4506 525 4566 terram
548 4509 581 4566 et
610 4509 817 4570 terremotus
846 4527 981 4589 mapnus
1001 4511 1031 4571 et
1051 4507 1219 4588 patefacta
1245 4511 1322 4570 sunt
1344 4509 1546 4570 monumenta
1568 4510 1597 4569 et
1613 4509 1706 4584 petre
1726 4505 1821 4584 fissae
1842 4507 1918 4567 sunt

214 4637 240 4678 n
267 4610 297 4670 et
317 4607 434 4670 mortui
459 4612 717 4686 resurreaaunt,
746 4609 830 4674 sicut
857 4611 894 4674 in
921 4610 1038 4675 diuinis
1060 4610 1234 4694 eaanpeliis
1255 4610 1436 4691 efferuntur
1456 4610 1626 4687 anamim
1652 4610 1701 4672 ito
1721 4613 1759 4672 ut
1782 4607 1919 4672 dicerent

264 4710 395 4774 Iudam:
422 4729 490 4774 vere
519 4710 609 4791 filius
638 4711 690 4776 dei
715 4719 785 4778 erat
812 4715 871 4779 iste
898 4735 990 4795 auem
1010 4717 1239 4796 mumficimus.
1285 4719 1315 4781 et
1343 4714 1486 4796 sepultus
1508 4719 1554 4778 est
1575 4714 1668 4777 Iesus
1694 4711 1840 4777 Obristus
1862 4731 1919 4776 ora

265 4814 386 4879 dmima
414 4815 449 4879 in
476 4815 549 4895 ipsa
571 4836 748 4897 parascare
778 4817 829 4881 die
854 4817 914 4882 sub
940 4818 1102 4884 cmuciatu
1125 4819 1265 4902 Sulpicii
1286 4826 1315 4884 et
1339 4819 1443 4885 Saluti
1466 4822 1663 4900 procurante
1687 4815 1800 4900 Syriae
1826 4815 1919 4880 θοντο

258 4920 397 5000 preside

374 5029 421 5089 11.
451 5024 600 5090 Surrexit
628 5029 734 5089 autem
761 5025 909 5090 domims
936 5033 1041 5091 noster
1068 5033 1097 5092 et
1126 5029 1205 5092 dores
1233 5029 1326 5092 Iesus
1352 5025 1504 5094 Christis
1526 5045 1629 5091 mense
1652 5023 1780 5102 Distro,
1811 5024 1868 5105 qui
1889 5029 1919 5087 et

214 5164 240 5202 4,
266 5128 405 5207 Martio,
434 5129 598 5194 amessiam
623 5129 756 5209 septima
779 5129 830 5194 die
852 5131 982 5208 mensis,
1011 5130 1045 5195 id
1071 5138 1121 5197 est
1143 5138 1239 5197 sexta
1263 5132 1328 5196 kal.
1352 5130 1488 5216 Aprilis,
1517 5151 1574 5194 ora
1596 5133 1754 5193 nocturno
1778 5128 1815 5193 X
1836 5129 1919 5194 clrca

267 5233 406 5298 diluculo
430 5232 599 5298 lucescente
621 5233 671 5296 die
686 5233 856 5311 dominica,
879 5236 997 5315 inipso
1016 5257 1119 5302 morose
1134 5237 1269 5315 Martio,
1292 5235 1362 5301 VII
1382 5241 1412 5300 et
1426 5233 1499 5299 XX
1512 5234 1563 5298 die
1579 5234 1703 5312 numm,
1728 5231 1808 5297 luna
1822 5232 1858 5297 X
1863 5232 1919 5299 VI.

370 5425 386 5479 6
407 5425 508 5477 &acca
524 5441 590 5490 quae
607 5425 761 5491 remandent
778 5427 840 5480 liaeo
859 5434 930 5478 cant:
951 5423 967 5476 ὁ
989 5421 1080 5492 papie
1097 5413 1176 5482 οὗτος
1193 5423 1249 5478 ἐστὶ
1268 5426 1317 5479 τοῦ
1334 5423 1511 5497 πρωτογόνου
1528 5422 1609 5476 θεοῦ·
1633 5419 1707 5482 ὅστις
1733 5422 1825 5494 βωμός
1847 5421 1922 5476 ἐστὶν

267 5511 306 5568 εἰς
327 5507 359 5562 ri
378 5508 550 5562 Καπετώλιον
573 5508 623 5567 ἕως
646 5511 693 5578 τῆς
716 5511 775 5575 νῦν,
799 5514 843 5563 ubi
864 5513 942 5564 uerba
963 5507 1102 5570 ὅστις
1123 5510 1295 5566 Καπετώλιον
1324 5515 1433 5566 Latium
1456 5521 1546 5562 auctor
1570 5511 1653 5562 amicit
1675 5529 1722 5562 nco
1746 5513 1922 5564 additamento

265 5599 395 5650 amitinus
491 5596 523 5650 21
547 5601 598 5651 IIII
616 5599 668 5652 knl.
687 5597 852 5668 Septembris]
871 5597 925 5667 πρὸ
943 5597 967 5666 η’
985 5597 1129 5650 καλανδῶν
1147 5599 1264 5652 'Icariam
1282 5603 1400 5654 Malalar
1495 5597 1530 5651 38
1551 5595 1607 5664 lux]
1627 5616 1679 5651 uox
1697 5597 1800 5652 Moira:
1818 5599 1887 5651 abeot
1905 5617 1922 5648 a

266 5683 375 5736 Malaia

1661 5777 1716 5831 55*
