4598 6300
828 307 906 362 CVM
924 303 1202 363 ADDITAMENTIS
1220 304 1360 358 NENNII.
1860 313 1918 376 183

389 477 613 546 HISTORIA
635 479 928 546 BRITTONVM.

270 603 415 688 regione,
433 622 515 686 quae
531 609 666 668 vocatur
678 604 897 690 Gleguissing,
911 609 944 668 et
959 604 1045 690 pilae

273 706 385 771 ludum
400 704 564 770 faciebant
579 709 680 793 pueri.
726 714 760 773 et
783 730 859 774 ecce
883 708 947 774 duo
962 709 1047 774 inter

273 831 308 876 se
324 808 508 894 litigabant,
532 816 566 874 et
586 808 668 875 dixit
682 813 766 876 alter
781 813 889 877 alteri:
914 812 1046 878 ohomo

272 915 341 979 eine
370 917 479 999 patre,
510 912 631 978 bonum
658 934 723 979 non
751 915 897 981 habebis.
943 915 1045 979 atilli

233 1037 245 1076 ι
275 1017 316 1082 de
340 1037 441 1103 puero
464 1013 507 1078 ad
529 1037 647 1101 pueros
664 1017 838 1104 diligenter
854 1024 1046 1105 percuncta-

273 1122 400 1202 bantur,
424 1126 458 1184 et
481 1127 668 1186 cunctantes
689 1127 846 1204 matrem,
870 1124 897 1187 ei
919 1127 1046 1209 patrem

273 1226 418 1290 haberet.
457 1223 513 1287 illa
528 1226 661 1310 negavit
677 1231 710 1290 et
726 1225 822 1290 dixit:
839 1227 948 1292 nescio
966 1247 1045 1311 quo·

272 1326 368 1392 modo
395 1327 428 1390 in
460 1332 553 1392 utero
585 1349 659 1394 meo
689 1335 865 1415 conceptus
893 1336 958 1412 est,
989 1327 1047 1393 sed

273 1452 372 1496 unum
395 1430 478 1512 scio,
501 1431 577 1516 quia
599 1431 701 1496 virum
729 1453 794 1497 non
817 1433 954 1517 cognovi
976 1453 1046 1496 um-

1220 477 1378 544 NENNI
1382 475 1435 543 VS
1454 479 1796 547 INTERPRETAT
1802 482 1857 548 VS.

1148 603 1228 668 duos
1259 623 1378 689 pueros
1413 601 1518 666 factae
1553 609 1626 667 sunt
1660 611 1693 668 et
1727 604 1809 669 dixit
1841 628 1923 692 puer

1148 708 1257 772 alteri:
1280 727 1298 770 ο
1315 706 1412 770 bomo
1427 705 1496 769 sine
1512 711 1615 791 patre,
1632 707 1710 772 nihil
1725 708 1803 774 boni
1819 709 1921 776 hebes

1148 812 1288 876 omnino.
1345 811 1546 895 percunctati
1580 817 1654 874 sunt
1683 811 1799 897 legati,
1834 814 1923 879 cuiue

1148 914 1232 979 filius
1254 933 1336 1001 puer
1358 915 1412 982 ille
1429 920 1525 995 esset,
1549 912 1592 978 ad
1613 934 1709 999 quem
1726 915 1788 981 hoc
1803 915 1923 982 dictum

1112 1039 1124 1077 ι
1152 1025 1232 1082 erat.
1277 1017 1514 1105 responderunt
1540 1019 1597 1098 qui
1624 1019 1661 1082 in
1681 1024 1780 1099 prato
1806 1019 1924 1086 lusorio

1150 1127 1258 1186 eram:
1281 1123 1452 1204 nescimus,
1468 1128 1574 1187 mater
1592 1122 1660 1186 eius
1680 1122 1732 1187 hic
1751 1129 1809 1188 est.
1848 1146 1923 1210 per·

1151 1225 1292 1290 cunctati
1322 1233 1397 1290 sunt
1425 1232 1578 1307 matrem,
1611 1225 1699 1290 cuius
1732 1227 1815 1292 filins
1844 1249 1926 1315 puer

1152 1335 1255 1404 esset;
1271 1328 1438 1415 respondit
1452 1336 1570 1394 mater:
1586 1331 1695 1394 nescio
1714 1331 1784 1395 eius
1799 1338 1924 1418 patrem

1152 1440 1186 1498 et
1216 1434 1325 1498 nescio
1360 1432 1522 1518 quomodo
1555 1433 1589 1497 in
1618 1439 1710 1498 utero
1743 1456 1817 1499 meo
1849 1456 1925 1500 con-

222 1555 247 1594 ιι
275 1555 382 1621 quam,
407 1539 440 1598 et
462 1534 580 1598 iuravit
600 1536 663 1601 illis
683 1543 809 1623 patrem
831 1557 896 1602 non
911 1535 1045 1601 habere.
1100 1557 1124 1596 ιι
1151 1543 1265 1623 ceptus
1303 1543 1362 1603 est.
1427 1537 1527 1622 legati
1565 1538 1663 1622 igitur
1699 1558 1835 1624 puerum
1873 1560 1925 1604 se·

275 1644 309 1703 et
329 1637 376 1702 illi
393 1657 467 1702 eum
493 1657 602 1702 secum
620 1638 744 1705 duxere
763 1661 866 1726 nsque
882 1638 924 1703 ad
940 1638 1045 1704 Guor·
1152 1662 1224 1707 cum
1259 1640 1421 1706 duxerunt
1449 1661 1551 1728 usque
1585 1639 1627 1704 ad
1661 1639 1925 1728 Guorthigirnnm

273 1742 448 1827 thigirnum
459 1762 573 1827 regem
584 1748 618 1807 et
628 1764 702 1808 eum
712 1742 954 1810 insinuaverunt
966 1744 1045 1828 regi.
1152 1752 1185 1811 et
1222 1746 1449 1811 nuntiaverunt
1490 1745 1572 1809 sicut
1609 1765 1683 1809 eum
1726 1747 1925 1812 invenerant.

221 1853 256 1908 42
273 1846 317 1912 nt
337 1847 372 1910 in
394 1847 531 1911 crastino
549 1848 718 1912 conventio
737 1847 824 1912 factu
840 1853 899 1930 est,
915 1854 952 1913 ut
966 1867 1048 1934 puer
1150 1849 1189 1915 In
1206 1849 1343 1914 crastino
1361 1849 1412 1915 die
1430 1850 1600 1915 conventio
1617 1848 1704 1913 facta
1720 1856 1779 1930 est,
1795 1857 1831 1916 ut
1846 1872 1928 1937 puer

273 1951 516 2016 interficeretur.
572 1956 605 2016 et
631 1972 713 2037 puer
741 1950 784 2015 ad
806 1971 919 2038 regem
950 1950 1045 2016 dixit:
1150 1953 1393 2020 interficeretur.
1439 1959 1473 2018 et
1499 1975 1581 2039 puer
1604 1953 1646 2018 ad
1674 1973 1786 2038 regem
1813 1953 1927 2019 ductas

223 2075 247 2115 u
276 2075 332 2119 cur
364 2055 424 2119 viri
455 2054 502 2119 tui
533 2075 585 2119 me
618 2054 660 2119 ad
690 2061 723 2120 te
760 2055 964 2120 detulerunt?
997 2054 1049 2119 cui
1102 2073 1126 2114 ιι
1154 2063 1205 2121 est
1226 2061 1260 2120 et
1283 2056 1365 2121 dixit
1387 2058 1472 2158 regi:
1497 2078 1553 2122 cur
1575 2057 1617 2122 ad
1638 2063 1672 2122 te
1693 2056 1819 2122 delatus
1835 2064 1926 2122 euml

275 2179 335 2223 rex
362 2159 425 2222 ait:
448 2165 485 2223 ut
514 2159 715 2224 interficiaris
748 2165 781 2224 et
812 2159 942 2244 sanguis
972 2164 1045 2222 tuns
1150 2181 1209 2225 rex
1232 2161 1291 2224 ait:
1317 2166 1354 2224 ut
1378 2160 1579 2270 interficjaris
1612 2167 1645 2226 et
1677 2183 1736 2226 arx
1762 2162 1824 2225 iste
1853 2182 1926 2225 ean·

275 2263 360 2327 circa
388 2282 496 2327 arcem
523 2263 619 2327 istam
646 2268 853 2350 aspergetur,
882 2268 919 2327 ut
944 2263 1047 2348 possit
1151 2264 1248 2349 guine
1261 2269 1316 2328 tuo
1327 2270 1541 2329 consecretur.
1564 2263 1731 2351 respondit
1742 2284 1838 2352 puer:
1857 2265 1927 2351 quis

276 2364 448 2432 aedificari.
494 2365 662 2452 respondit
682 2387 765 2453 puer
786 2367 869 2452 regi:
895 2366 964 2452 quis
989 2367 1048 2431 tibi
1151 2366 1211 2431 tibi
1225 2368 1416 2432 monstravit
1430 2368 1513 2432 hoc?
1547 2369 1636 2453 magi
1650 2369 1726 2451 mei,
1740 2369 1844 2454 inquit
1858 2389 1927 2432 rex.

275 2469 483 2534 monstravit?
511 2476 544 2533 et
560 2490 631 2534 rex:
649 2471 736 2555 magi
751 2471 816 2534 mei
829 2469 909 2535 mibi
925 2469 1047 2536 dixere.
1153 2476 1309 2537 vocentur
1330 2470 1404 2552 huc,
1427 2471 1530 2556 inquit
1544 2493 1635 2558 puer,
1661 2479 1695 2537 et
1716 2473 1806 2558 magi
1828 2491 1927 2537 vene-

222 2594 248 2634 ro
276 2579 309 2637 et
336 2594 418 2659 puer
446 2572 542 2639 dixit:
577 2572 619 2638 ad
648 2595 701 2638 me
729 2579 893 2640 vocentur.
939 2581 973 2638 et
1000 2575 1049 2638 in-
1102 2593 1128 2634 so
1154 2580 1237 2640 runt.
1281 2595 1364 2660 puer
1379 2573 1461 2639 dixit
1476 2576 1552 2639 illis:
1578 2577 1648 2660 quis
1663 2577 1820 2641 revelavit
1834 2575 1927 2641 vobis

275 2677 367 2740 vitati
394 2683 468 2741 sunt
494 2677 581 2762 magi
604 2683 638 2742 et
659 2697 741 2764 puer
766 2677 828 2742 illis
856 2678 949 2743 dixit:
982 2679 1052 2766 quis
1155 2679 1238 2742 hanc
1255 2698 1363 2742 arcem
1379 2676 1544 2743 aedificari
1558 2699 1622 2743 non
1642 2700 1749 2765 posse,
1766 2680 1827 2744 nisi
1842 2680 1930 2766 prius

275 2781 433 2845 revelavit
460 2781 567 2864 robis,
602 2787 638 2846 ut
669 2783 733 2846 ista
761 2802 821 2846 arx
848 2802 869 2845 a
895 2783 1051 2868 sanguine
1157 2782 1313 2868 sanguine
1328 2801 1402 2847 meo
1420 2788 1646 2847 consecretur?
1667 2782 1752 2848 nibil
1765 2783 1929 2864 respoude-

273 2907 347 2952 meo
376 2891 625 2974 aspergeretur?
663 2891 696 2950 et
724 2885 784 2948 nisi
820 2892 1051 2971 aspergeretur
1153 2891 1240 2950 ruat.
1285 2887 1362 2967 scio,
1378 2886 1490 2971 inquit,
1513 2887 1540 2950 is
1561 2907 1613 2951 me
1638 2885 1731 2952 duxit
1752 2887 1795 2952 ad
1809 2909 1877 2969 vos,
1895 2894 1931 2952 ut

273 3012 293 3054 a
315 2991 472 3075 sangnine
495 3010 580 3070 meo,
603 2990 636 3053 in
659 2994 828 3054 aeternum
850 3010 916 3054 non
937 2989 1048 3055 aedifi·
1154 2991 1248 3055 vobis
1260 2988 1526 3072 contradicerem,
1540 2991 1594 3076 qui
1605 2989 1730 3056 induxit
1741 3013 1808 3073 vos,
1820 2997 1856 3056 ut
1867 2992 1929 3056 hoc

377 3285 485 3339 ODOH
498 3285 557 3352 (orn.
577 3281 611 3336 15
627 3301 675 3337 cur
692 3321 698 3335 .
714 3323 740 3337 ..
760 3282 793 3336 18
810 3283 875 3351 regi]
888 3282 919 3334 K
934 3283 992 3346 (om.
1016 3281 1047 3334 lb
1064 3300 1112 3336 cur
1194 3281 1227 3336 21
1247 3300 1311 3352 puer
1328 3284 1380 3336 illis
1398 3283 1475 3350 dixit)
1494 3282 1626 3348 LMNPQ

376 3426 453 3478 siu:
476 3423 491 3476 l
510 3423 626 3490 regione]
646 3423 739 3489 reliqui
756 3430 780 3474 et
791 3421 848 3487 Μ’,
866 3438 935 3489 pago
948 3421 980 3472 M
983 3421 1023 3472 tN
1106 3420 1279 3491 gleguissing]
1293 3422 1358 3489 HK,
1376 3423 1508 3491 gleuiaing
1522 3421 1598 3487 OLP,
1616 3423 1761 3491 gleuiaincg
1770 3423 1830 3490 00,
1849 3425 1932 3493 gloui·

273 3513 332 3580 sing
343 3512 377 3577 0,
399 3512 550 3580 gleuesineg
562 3509 606 3576 M,
629 3508 809 3578 glenesingll',
833 3509 942 3576 gleuisic
959 3509 1086 3574 interpres
1154 3517 1181 3562 et
1197 3510 1266 3578 pilae
1283 3511 1374 3562 ludum
1392 3510 1520 3562 iaciebant
1537 3506 1661 3576 (agebant
1671 3509 1828 3577 oneum)
1846 3509 1930 3579 pueri]

272 3597 318 3650 ubi
335 3599 409 3666 pueri
425 3616 451 3666 p.
464 3599 482 3650 l.
495 3597 607 3665 agebant
616 3596 678 3647 MN
743 3592 833 3663 2duo]
847 3594 950 3647 usroN
1021 3593 1038 3647 3
1054 3595 1193 3663 litigabant
1200 3595 1235 3647 Η
1236 3596 1254 3662 ¹,
1272 3596 1404 3664 litigantes
1416 3596 1478 3646 MN
1520 3603 1547 3648 et
1558 3596 1624 3648 dixit
1635 3595 1762 3664 (dixitque
1774 3596 1931 3662 ODGLPQ]

272 3702 295 3737 a.
308 3682 394 3752 alteri]
413 3702 436 3738 a
456 3685 532 3737 alteri
549 3684 652 3736 dicebat
661 3683 723 3733 MN
821 3679 954 3735 4bouum
977 3699 1002 3733 n.
1029 3679 1067 3748 h.]
1090 3681 1188 3734 bonum
1212 3681 1348 3748 (eupator.
1374 3685 1417 3736 uel
1441 3700 1474 3736 ue
1493 3683 1541 3735 tibi
1554 3683 1599 3746 Μ)
1623 3683 1670 3735 tibi
1688 3700 1740 3735 non
1760 3685 1865 3737 eueniat
1874 3685 1936 3735 MN

306 3779 335 3824 at
351 3771 389 3822 illi
407 3771 438 3823 de
456 3787 536 3838 puero
554 3771 588 3822 ad
606 3785 699 3838 pueros
716 3769 852 3837 diligenter
868 3767 1106 3835 percunctabantur
1122 3775 1148 3820 et
1165 3776 1318 3822 cunctantes
1336 3767 1453 3836 matram]
1478 3777 1505 3822 et
1530 3770 1568 3820 illi
1591 3770 1615 3820 d.
1639 3787 1663 3836 p.
1681 3770 1724 3822 dil.
1745 3768 1931 3837 (perquirentes

272 3861 320 3912 ιἰιι.
333 3857 367 3925 0)
386 3866 583 3926 percunctantes
605 3858 639 3910 ad
664 3874 688 3923 p.
707 3857 815 3922 eiusque
832 3863 941 3907 matrem
959 3853 1170 3920 (sciscitabantur
1192 3855 1241 3906 iae.
1254 3854 1318 3921 00)
1332 3854 1494 3919 000οΡ0,
1519 3861 1548 3906 at
1569 3855 1607 3905 illi
1630 3855 1665 3906 ab
1689 3854 1747 3906 aliis
1767 3858 1855 3922 pueris
1872 3864 1898 3909 et
1915 3874 1932 3909 a

273 3953 352 3998 meuc
376 3946 408 3996 de
430 3961 510 4013 puero
533 3944 578 3996 illo
602 3943 739 4009 diligenter
761 3942 920 4008 percunctati
945 3947 1008 3992 sunt
1021 3938 1083 3991 MN
1183 3938 1263 3993 'lilla
1285 3939 1322 4006 (at
1346 3942 1393 3995 illa
1408 3939 1565 4005 GDGLPQ]
1584 3941 1691 4006 negauit
1713 3947 1740 3991 et
1757 3938 1831 4007 dixit]
1849 3949 1932 3995 mater

271 4048 335 4084 uero
353 4033 424 4085 illius
441 4033 515 4100 pueri
533 4031 639 4098 negauit
655 4031 742 4082 Moeno
752 4027 814 4079 MN
927 4024 970 4091 ’08
987 4025 1124 4094 quomodo]
1143 4027 1291 4093 qualitsrP
1397 4026 1414 4080 8
1432 4036 1472 4082 est
1489 4045 1560 4080 conc.
1574 4026 1721 4090 ODeLPQ
1826 4027 1870 4094 8]9
1888 4030 1933 4081 sed

272 4116 364 4186 unum]
383 4137 465 4172 unum
482 4127 568 4171 tumen
579 4117 641 4169 MN
721 4113 738 4167 9
757 4132 808 4167 non
825 4115 937 4181 cognoui
953 4110 1088 4180 umquam]
1107 4115 1134 4165 in
1152 4116 1221 4166 coitu
1241 4116 1339 4182 (cogitu
1349 4113 1408 4180 Μ’)
1427 4131 1568 4181 numquam
1592 4115 1703 4181 cognoui
1713 4114 1774 4164 MN
1855 4111 1889 4165 10
1907 4123 1933 4168 et

273 4202 332 4272 (om.
347 4207 378 4271 0)
396 4207 494 4257 iurauit
510 4205 563 4256 illis
581 4223 605 4272 p.
625 4204 719 4272 (ipsum
736 4203 786 4254 im.
797 4199 845 4266 0¹)
864 4219 890 4252 ιι.
909 4198 1012 4265 habere]
1036 4202 1125 4266 sicque
1148 4201 1314 4254 iureiurando
1337 4203 1476 4254 affirmauit
1499 4201 1569 4269 quod
1592 4201 1662 4253 tilius
1685 4202 1742 4253 eius
1766 4208 1863 4268 patrem
1881 4219 1933 4254 nou

273 4293 380 4344 haberet
396 4292 526 4344 carnalem
536 4291 597 4342 MN
715 4288 744 4340 ll
763 4288 844 4341 atilli
863 4304 922 4339 eum
940 4304 961 4339 s.
980 4283 1014 4352 d.]
1033 4294 1059 4338 et
1076 4286 1162 4353 (quem
1175 4285 1206 4352 P,
1225 4288 1269 4354 qui
1286 4287 1396 4352 ODGL)
1415 4288 1493 4354 legati
1510 4306 1531 4340 s.
1552 4287 1621 4351 (eum
1639 4287 1688 4340 ias.
1703 4287 1818 4354 0¹D¹0)
1837 4289 1934 4341 duxere

273 4376 356 4444 (runt
367 4377 399 4442 0)
420 4377 579 4442 0011οΡ0,
603 4378 732 4430 duxerunt
750 4373 942 4443 (duxeruntque
955 4373 998 4437 N)
1021 4373 1102 4440 igitur
1126 4391 1150 4441 p.
1175 4390 1264 4426 secum
1278 4373 1340 4424 ΜΝ
1421 4391 1504 4442 usque
1524 4374 1557 4426 ad
1575 4392 1599 4441 g.
1618 4370 1650 4440 ι.)
1669 4375 1702 4426 ad
1720 4391 1746 4442 g.
1764 4393 1784 4427 r.
1802 4376 1934 4427 dominnm

273 4482 349 4517 suum
363 4463 424 4514 ΜΝ
492 4462 524 4516 12
541 4471 567 4517 ct
583 4481 643 4517 eum
661 4461 749 4530 (quem
759 4461 896 4524 (1101Ρο)
914 4461 963 4513 ine.
982 4457 1046 4528 regi]
1066 4461 1316 4527 insinuaueruutque
1330 4462 1384 4529 regi
1397 4460 1432 4526 (ci
1441 4462 1484 4527 N)
1497 4462 1584 4514 omnia
1599 4476 1667 4526 quae
1684 4461 1716 4512 de
1734 4461 1777 4513 illo
1791 4459 1882 4528 (puero
1891 4461 1933 4526 N]

273 4552 420 4603 didicerant
428 4550 494 4615 MN,
512 4567 589 4618 quem
607 4551 655 4602 ins.
673 4551 728 4617 regi
746 4566 805 4602 eum
823 4565 933 4616 puerum
951 4548 988 4599 sic
1006 4547 1117 4599 inueniri
1128 4545 1258 4598 0¹D¹an
1363 4545 1396 4598 13
1415 4555 1441 4599 et
1458 4547 1516 4610 (orn.
1530 4543 1688 4610 ouaLPe)
1706 4547 1734 4597 in
1756 4544 1879 4614 crastino]
1898 4564 1934 4600 cr.

273 4645 360 4692 autem
378 4638 420 4690 die
433 4637 494 4688 ΜΝ
560 4635 593 4689 14
604 4655 669 4705 puer
682 4638 716 4689 ad
727 4653 814 4704 regern
826 4633 901 4704 dixit]
914 4646 941 4687 et
951 4651 1016 4703 puer
1027 4634 1051 4685 d.
1063 4634 1119 4701 regi
1131 4632 1285 4698 ODGLPQ,
1299 4650 1363 4702 puer
1375 4651 1437 4686 uero
1449 4635 1486 4686 ait
1498 4634 1530 4686 ad
1542 4649 1629 4701 regem
1639 4631 1700 4683 ΜΝ
1772 4630 1805 4684 15
1823 4649 1869 4685 cur
1888 4671 1894 4686 .
1907 4670 1914 4684 .
1928 4671 1934 4686 .

272 4725 420 4778 detulerunt
438 4722 612 4788 (deduxerunt
623 4722 663 4791 0)]
682 4741 729 4776 cur
746 4723 836 4776 famuli
853 4724 892 4775 tui
910 4738 951 4774 me
968 4721 1132 4773 adduxerunt
1148 4721 1180 4773 ad
1198 4727 1224 4772 te
1235 4720 1298 4771 ΜΝ
1390 4719 1423 4773 16
1441 4722 1484 4773 cui
1502 4738 1548 4773 rex
1565 4717 1612 4787 ait]
1632 4720 1763 4787 respondit
1781 4720 1804 4771 ei
1822 4736 1867 4772 rex
1878 4719 1937 4770 ΜΝ

308 4818 338 4865 ut
355 4811 517 4863 interficiaris
603 4809 635 4863 19
653 4817 678 4862 et
695 4827 741 4863 rex
759 4827 808 4862 cm.
820 4810 851 4860 N
928 4815 954 4861 et
971 4809 1078 4874 sanguis
1097 4846 1143 4859 ...
1165 4804 1197 4858 18
1213 4805 1355 4875 aedificari]
1380 4816 1406 4860 et
1428 4816 1473 4860 tuo
1494 4807 1621 4874 sauguine
1644 4823 1691 4858 arx
1713 4807 1764 4857 ista
1785 4813 1936 4873 aspergatur

273 4906 303 4950 ut
320 4898 481 4965 postmodum
499 4915 524 4964 p.
541 4913 565 4948 a.
576 4896 610 4946 M
698 4895 731 4949 18
749 4896 881 4964 respoudit
897 4913 962 4963 puer
979 4891 1045 4963 regi]
1065 4911 1129 4962 puer
1146 4902 1233 4947 autam
1251 4896 1284 4946 ad
1303 4894 1434 4963 regemM
1502 4894 1561 4958 quia
1578 4892 1626 4944 tibi
1644 4891 1705 4958 (hoc
1728 4891 1777 4944 im.
1793 4891 1935 4955 own)

273 4983 427 5036 monstrauit
444 4982 641 5048 (demonstrauit
657 4979 760 5049 hocL)]
778 4983 837 5048 quis
855 4990 880 5034 te
897 4983 985 5034 docuit
1001 4989 1031 5034 ut
1048 4981 1112 5034 illud
1131 4980 1250 5033 latiasM
1340 4979 1374 5033 19
1392 4987 1418 5033 et
1434 4977 1493 5046 rex]
1512 4979 1643 5046 respondit
1659 4977 1749 5031 rexM
1797 4979 1867 5046 magi
1884 4979 1934 5030 mei

274 5068 334 5135 (om.
347 5070 379 5133 0)
396 5071 461 5122 mihi
478 5070 566 5122 dixere
584 5067 665 5132 (runt
676 5065 845 5136 ODGLPQl]
865 5069 934 5136 magi
952 5069 994 5119 isti
1011 5069 1049 5120 eic
1066 5068 1130 5119 mibi
1149 5067 1330 5136 praedixerunt
1340 5065 1401 5118 MN
1512 5062 1549 5117 20
1565 5071 1593 5117 et
1615 5081 1679 5132 puer
1702 5060 1777 5130 dixit]
1803 5065 1846 5116 cui
1868 5065 1935 5116 dixit

273 5155 503 5224 pretendere,
523 5163 550 5208 at
566 5157 631 5208 haee
647 5172 713 5222 puer
723 5154 785 5205 MN
866 5155 899 5205 ad
917 5171 958 5205 mo
976 5151 1112 5220 nocentur]
1131 5154 1192 5205 iube
1210 5160 1241 5205 ut
1258 5154 1291 5205 ad
1309 5169 1349 5204 me
1367 5160 1495 5204 uocantur
1504 5151 1566 5201 MN
1682 5147 1759 5216 20121
1778 5157 1805 5202 et
1830 5151 1933 5203 intritati

274 5249 335 5295 sunt
352 5239 430 5310 magi]
448 5242 566 5294 inuitatis
584 5243 667 5309 magis
677 5240 738 5292 MN
843 5238 876 5291 21
895 5247 922 5292 et
938 5256 1003 5306 puer
1020 5240 1073 5292 illis
1091 5236 1165 5306 dixit]
1186 5241 1282 5306 quibus
1294 5246 1320 5292 et
1337 5240 1403 5291 dixit
1413 5235 1568 5301 ODGLPQ,
1587 5253 1650 5305 puer
1668 5253 1712 5288 soe
1729 5236 1869 5302 alloquitur
1878 5237 1940 5288 MN

273 5326 352 5394 21122
369 5329 428 5395 quis
446 5329 575 5380 reuelauit
592 5329 666 5380 uobis
685 5324 721 5395 (u.
740 5344 760 5378 r.
775 5322 932 5394 coeLPQ)
951 5334 981 5377 ut
998 5325 1015 5378 i.
1033 5342 1057 5378 a.
1076 5325 1163 5391 a(om.
1177 5325 1208 5391 0)
1220 5341 1293 5394 sang.
1312 5343 1368 5378 meo
1382 5325 1442 5391 (orn.
1454 5322 1613 5388 ODOLPQ)
1632 5319 1695 5391 asp]
1715 5325 1842 5390 quomodo
1860 5324 1935 5376 uobis

275 5415 419 5467 reuelatum
437 5423 476 5468 est
493 5422 524 5467 ut
541 5415 682 5467 aedilitium
701 5414 773 5465 urbis
791 5414 866 5466 istius
883 5413 1012 5480 magnino
1029 5429 1086 5466 meo
1105 5411 1149 5477 (m.
1168 5429 1189 5464 ι.
1201 5411 1244 5473 Ν)
1262 5419 1416 5480 aspergatur
1428 5409 1490 5461 MN
1574 5406 1609 5460 23
1626 5414 1653 5459 st
1670 5408 1720 5458 nisi
1737 5425 1763 5460 a.
1781 5427 1798 5461 a
1817 5427 1836 5462 s.
1856 5427 1889 5461 m.
1908 5411 1935 5462 in

274 5509 408 5556 aeternum
427 5519 479 5554 non
497 5499 686 5568 aedificabitur]
705 5507 731 5552 et
752 5501 802 5553 nisi
819 5517 874 5567 asp.
891 5516 908 5551 a
935 5499 997 5566 (οιιι.
1010 5497 1098 5566 000)
1122 5516 1143 5551 ι.
1162 5516 1195 5550 m.
1214 5516 1355 5566 numquam
1382 5497 1517 5563 (umquam
1530 5495 1568 5560 P)
1593 5494 1770 5547 aedificaretur
1781 5495 1936 5563 ODGLPQ,

276 5595 301 5640 et
319 5588 388 5655 quod
406 5604 540 5654 nunquam
558 5588 709 5640 aedificetur
726 5587 776 5638 ulai
795 5605 815 5638 a.
834 5605 868 5638 m.
887 5586 959 5654 priua
977 5587 1056 5639 suerit
1073 5601 1178 5653 aspum
1188 5585 1249 5636 MN
