4554 6316
401 379 464 442 366
921 375 941 430 I.
960 375 1065 430 I'ASTI
1085 375 1244 431 THEONIS
1263 375 1527 432 ALEXANDRINI.

504 548 556 613 De
580 550 703 634 sylloge
727 549 908 614 tabularum
932 551 1128 615 manualium
1152 552 1285 637 eiusque
1309 551 1468 636 exemplis
1491 548 1555 614 lide
1579 549 1772 635 dignissimis
1797 557 1970 638 postquam
1989 557 2062 617 ret-

401 653 547 732 tulimus,
578 660 726 738 superest
754 660 790 717 nt
819 653 860 717 de
892 659 1075 739 temporum
1104 654 1222 719 tabulis
1249 654 1314 718 illio
1341 655 1477 719 serratis
1507 654 1667 734 dicamus,
1692 675 1826 740 quarum
1850 677 1949 722 causa
1973 660 2063 723 haec

403 755 577 842 disputatio
601 758 746 822 instituis
769 764 827 822 est.

504 861 624 926 Eamm
649 867 713 926 tres
736 869 809 925 sunt
831 868 956 947 partes:
1035 862 1248 927 Ilaterculus
1270 883 1384 948 regum
1408 869 1441 926 et
1463 863 1694 949 imperatorum
1782 865 1816 929 II
1838 865 1912 931 fasti
1936 888 2058 931 consu-

402 965 486 1029 lares
565 966 617 1030 Ill
638 966 885 1051 bemerologion
916 967 937 1030 i.
959 987 988 1029 e.
1017 965 1092 1029 fasti
1124 965 1228 1030 diurni
1262 965 1459 1030 diversorum
1494 988 1647 1031 annorum
1681 968 1831 1033 solarium
1866 973 2060 1056 comparati.

400 1067 542 1133 Difficile
559 1075 608 1133 est
623 1068 666 1133 ad
682 1069 898 1134 definiendum
913 1091 991 1154 quas
1008 1076 1190 1155 tempomm
1206 1069 1334 1134 tabulas
1349 1070 1570 1151 Ptolemaeus,
1583 1070 1742 1134 difficilius
1755 1093 1835 1157 quas
1848 1073 2061 1161 Hipparchus

402 1172 478 1236 olim
501 1173 533 1236 in
549 1172 695 1237 ordinem
712 1175 881 1259 receperit.
927 1172 986 1237 sed
1008 1172 1209 1237 laterculo
1232 1193 1372 1256 regum
1395 1174 1479 1237 inter
1494 1179 1686 1259 apparatum
1702 1176 1885 1240 manualem
1902 1199 1921 1240 a
1937 1176 2059 1243 Ptole-

401 1296 496 1340 maeo
519 1277 626 1342 locum
649 1276 760 1341 datum
784 1297 856 1340 esse
880 1277 977 1341 etiam
1000 1277 1061 1340 nisi
1078 1275 1220 1340 Theonis
1242 1277 1407 1362 ipsiusque
1425 1276 1604 1366 Ptolemaei
1628 1279 1819 1342 testimoniis
1832 1278 1856 1366 ¹)
1879 1289 2057 1365 constaret,

400 1401 465 1444 non
498 1381 603 1446 minus
638 1387 760 1446 certum
795 1387 891 1446 esset.
948 1401 1023 1444 nem
1053 1379 1261 1445 Ptolemaeus
1296 1381 1350 1466 qui
1380 1381 1412 1444 in
1442 1381 1569 1466 syntaxi
1599 1381 1739 1445 calculos
1771 1382 1813 1447 ab
1843 1405 1926 1449 anno
1950 1387 2058 1471 primo

401 1482 604 1549 Nabonasari
628 1486 756 1571 repetit,
780 1506 893 1571 regum
917 1485 1028 1550 tabula
1051 1504 1162 1550 carere
1186 1505 1249 1548 non
1272 1485 1378 1570 potuit
1400 1485 1498 1548 etiam
1513 1483 1687 1549 Persarum
1703 1505 1808 1571 reges,
1831 1487 2057 1572 Ptolemaeos,

400 1587 619 1653 Romanomm
641 1591 854 1675 imperatores
877 1589 1067 1675 complaxa;
1090 1609 1197 1675 neque
1220 1589 1324 1653 minus
1341 1594 1464 1652 certum
1479 1587 1667 1674 Hipparcho
1684 1610 1799 1674 regum
1814 1590 1889 1655 inde
1905 1613 1924 1656 a
1939 1592 2056 1658 Nabo-

400 1712 518 1756 nasaro
545 1713 648 1778 usque
680 1693 722 1758 ad
752 1695 959 1758 Ptolemaeos
988 1693 1145 1758 laterculo
1169 1713 1250 1779 opus
1273 1692 1385 1756 fuisse:
1414 1711 1488 1755 uam
1512 1691 1554 1756 ab
1576 1692 1639 1756 hoc
1661 1691 1871 1758 Ptolemaeus
1893 1717 1957 1760 nou
1981 1703 2056 1762 tan-

401 1802 469 1859 tum
500 1817 583 1881 quae
613 1798 688 1861 olim
718 1797 875 1862 Chaldaei
898 1797 956 1861 sed
979 1797 1079 1861 etiam
1102 1817 1186 1883 quae
1209 1795 1408 1861 Timocharis
1437 1797 1527 1859 annis
1551 1797 1722 1860 aee-283
1748 1797 1967 1864 Alexandriae
1992 1802 2054 1866 ob-

400 1905 601 1982 servaverat,
631 1902 737 1965 omnia
768 1907 931 1966 mutuatus
961 1901 1057 1984 sst2).
1108 1900 1190 1964 haec
1212 1900 1310 1984 igitur
1339 1899 1470 1964 canonis
1495 1920 1585 1984 pars,
1613 1919 1696 1984 quae
1727 1921 1828 1964 annos
1852 1901 2056 1969 Nabonasari

402 2011 551 2068 numerat
573 2011 607 2070 et
629 2006 662 2069 in
684 2005 909 2070 Alexandrum
930 2004 974 2069 M.
999 2003 1133 2085 desinit,
1156 2010 1212 2068 aut
1233 2002 1422 2090 Hipparcho
1446 2003 1606 2087 antiquior
1629 2009 1684 2067 aut
1707 2004 1821 2068 saltem
1844 2004 2058 2092 Hipparchea

402 2115 461 2173 est.
505 2128 570 2172 nou
593 2109 712 2173 abiecit
734 2109 793 2174 sed
815 2111 963 2195 neglexit
986 2129 1058 2173 eam
1082 2130 1154 2173 cum
1170 2109 1298 2173 tabulas
1316 2109 1484 2172 manuales
1500 2106 1673 2171 adornaret
1688 2107 1897 2174 Ptolemaeus
1913 2131 2056 2200 eumque

401 2217 529 2275 secutus
551 2211 644 2276 Theo
672 2233 732 2298 pro
760 2213 892 2277 consilio
920 2214 1076 2298 computi,
1107 2213 1196 2277 cuius
1228 2211 1386 2298 epocham
1416 2233 1488 2274 cum
1518 2211 1550 2274 in
1579 2212 1706 2296 syntaxi
1735 2210 1777 2275 ad
1805 2211 2055 2282 Nabcnasarum

401 2316 587 2397 rettulisset,
610 2316 643 2379 in
665 2316 783 2381 tabulis
800 2315 842 2379 ad
855 2315 1042 2401 Philippum
1058 2314 1236 2379 Aridaeum
1253 2314 1427 2380 revocarit.
1473 2312 1558 2377 unde
1583 2313 1703 2378 factum
1727 2315 1817 2378 utin
1833 2316 1921 2380 nullo
1938 2339 2056 2404 regum

400 2417 557 2483 laterculo
581 2440 692 2483 eorum
716 2440 796 2505 quos
820 2419 948 2484 codices
971 2420 1072 2483 nostri
1096 2419 1227 2483 tradunt
1249 2420 1323 2483 anni
1346 2418 1549 2482 Nabonasari
1576 2419 1661 2483 ultra
1685 2417 1908 2485 Alexandmm
1933 2442 2057 2509 conpu-

401 2526 520 2602 teutur,
543 2523 577 2585 in
599 2522 755 2588 laterculo
779 2523 998 2588 Laurentiano
1022 2523 1109 2588 illam
1133 2528 1260 2608 partem
1284 2529 1377 2586 vetus
1399 2543 1513 2587 manus
1540 2543 1582 2586 ne
1606 2523 1769 2607 scripserit
1791 2524 1931 2608 quidem.
1978 2548 2058 2592 con-

402 2631 593 2688 sentaneum
617 2633 726 2690 autem
750 2634 800 2691 est
822 2647 935 2713 regum
958 2626 1149 2692 laterculum
1164 2625 1347 2690 Ptolemaei
1369 2625 1503 2689 desiisse
1526 2625 1560 2689 in
1582 2623 1739 2690 Hadriani
1761 2627 1941 2712 imperium,
1966 2633 2058 2696 cuius

401 2728 448 2791 rei
471 2728 555 2792 infra
578 2727 624 2815 (p.
641 2733 714 2811 368,
731 2729 760 2816 l)
783 2731 955 2814 vestigium
978 2729 1130 2815 prodibit.

505 2830 612 2895 Etiam
645 2832 720 2896 fasti
754 2832 858 2897 diurni
881 2832 1145 2918 hemerologii
1175 2832 1371 2918 antiquiores
1402 2838 1475 2896 sunt
1505 2831 1640 2896 Theone
1675 2838 1708 2895 et
1742 2833 1877 2898 fortasse
1912 2837 1953 2901 ab
1982 2838 2058 2923 ipso

404 2937 579 2999 retractati.
623 2937 747 3022 recepti
770 2941 843 2999 sunt
866 2937 898 2999 in
920 2935 1064 2999 codicem
1087 2934 1340 3020 Lugdunensem
1362 2935 1437 2998 fasti

595 3037 855 3104 IRomanomm
1137 3101 1141 3110 ,
1274 3038 1307 3101 in
1328 3037 1580 3102 Laurentianum
1625 3037 1883 3104 IRomanomm

575 3142 609 3207 Π
631 3142 806 3208 Helleuum
830 3144 850 3207 i.
868 3164 896 3208 e.
920 3142 1197 3208 Antiochenorum
1592 3142 1644 3206 III
1667 3141 1960 3209 Alexandrinorum

560 3245 611 3311 III
633 3239 927 3313 Alexandrinomm
1609 3246 1644 3310 II
1666 3245 1841 3312 Helleuum

561 3350 610 3415 IV
632 3350 802 3437 Tyriorum
1592 3349 1641 3413 IV
1664 3349 1835 3436 Tyriorum

578 3454 609 3518 V
632 3456 777 3520 Arabum
1609 3454 1640 3518 V
1663 3454 1810 3519 Arabum

562 3557 611 3622 VI
635 3559 841 3624 Sidoniorum
1597 3557 1646 3622 VI
1669 3557 1873 3624 Sidoniomm

544 3661 611 3728 VII
634 3663 837 3728 Cazaeorum
1591 3660 1641 3726 IX
1663 3661 1980 3750 Heliupolitanorum

527 3767 611 3832 VIII
632 3767 900 3832 Ascalonensium
1608 3765 1640 3830 X
1662 3766 1836 3853 Lyciorum

560 3870 611 3935 IX
633 3871 950 3958 Heliupolitanorum
1560 3869 1642 3936 XIV
1664 3872 1858 3938 Asianorum
1975 3957 1976 3960 Ἴ

577 3975 609 4039 Χ
632 3974 806 4061 Lyciorum
1667 3976 1871 4042 Cretensium

561 4077 612 4144 XI
635 4077 867 4166 Cappadocum
1665 4077 1857 4167 Cypriomm

536 4181 604 4247 XII
626 4182 839 4269 Bithynorum
1665 4182 1882 4270 Ephesiorum

525 4285 612 4350 XIII
636 4286 879 4352 Seleucensium
1575 4285 1643 4350 XII
1665 4286 1880 4374 Bithynorum

536 4389 618 4456 XIV
641 4390 836 4455 Asianorum
1598 4390 1650 4455 XI
1672 4389 1904 4477 Cappadocum

403 4494 542 4581 adposui
564 4494 658 4558 elteri
680 4495 902 4581 hemerologic
925 4514 1077 4560 numeros
1098 4493 1222 4580 prioris,
1245 4500 1281 4559 ut
1296 4494 1399 4582 primo
1416 4495 1531 4559 obtutu
1547 4501 1714 4581 appareat,
1739 4516 1802 4581 qua
1817 4495 2057 4561 necessitudine

403 4600 646 4683 coniungantur.
692 4596 809 4663 desunt
824 4597 1043 4663 Laurentiano
1067 4598 1141 4662 fasti
1156 4598 1370 4683 hemerologii
1386 4597 1555 4662 Leidensis
1578 4619 1608 4662 n.
1625 4597 1699 4662 VII.
1716 4598 1808 4663 VIII.
1825 4598 1919 4680 XIII,
1936 4601 2058 4685 proprii

404 4709 477 4768 sunt
499 4702 631 4767 alterius
662 4701 737 4766 fasti
765 4699 967 4766 Cretensium
997 4700 1188 4788 Cypriorum
1215 4700 1442 4787 Ephesiorum.
1492 4702 1591 4787 igitur
1617 4709 1653 4766 ut
1685 4702 1851 4766 minimum
1882 4721 2056 4785 sumamus,

403 4806 502 4872 XVII
525 4805 703 4871 civitatium
733 4805 833 4869 fastos
857 4803 987 4870 diurnos
1009 4811 1102 4870 vetus
1124 4803 1204 4870 illud
1226 4805 1472 4890 hemerolcgicn
1498 4805 1731 4891 coniungebat,
1762 4806 1849 4870 unde
1872 4806 1905 4870 hi
1928 4806 2057 4870 codices

512 4998 532 5062 ¹)
552 4999 623 5050 Theo
642 5015 733 5049 comm.
752 4997 827 5064 ampl.
847 4993 1020 5062 18(v2981
1041 4994 1141 5061 M46')
1167 4995 1333 5064 συνάγοντες
1354 4993 1410 5068 γάρ
1432 4994 1466 5048 rr?
1490 4990 1544 5048 rino*
1567 4995 1614 5064 τῆς
1638 4989 1725 5064 ἀρχῆς
1750 4994 1884 5048 Φιλίππου
1905 4992 1952 5063 ἔτη
1973 4995 2057 5066 μέχρι

402 5083 451 5135 rori
470 5077 673 5153 οἷναδιδομένοο
690 5079 766 5141 ἔτους
784 5079 888 5134 ἐκτῶν
905 5082 1117 5153 παρακειμένων
1134 5081 1191 5141 τοῖς
1208 5084 1263 5135 τῶν
1281 5082 1415 5150 βασιλέων
1433 5081 1547 5135 κανόσιν
1565 5078 1740 5152 ἀναγραφῶν
1758 5101 1850 5136 comm.
1869 5087 1930 5136 min.
1948 5085 1979 5135 ad
1998 5085 2057 5150 llpi·

402 5173 528 5240 phanium
547 5190 571 5240 p.
584 5171 616 5224 31
630 5174 664 5223 H.
684 5163 739 5221 ἀπό
756 5169 805 5237 τῆς
823 5164 911 5238 ἀρχῆς
927 5172 975 5239 τῆς
995 5168 1129 5222 Φιλίππου
1147 5168 1284 5238 βασιλείας
1300 5170 1385 5241 μέχρι
1402 5171 1450 5238 τῆς
1468 5169 1661 5236 Διοκλητιανοῦ
1680 5166 1830 5235 συνάγεται
1847 5165 1893 5234 ἔτη
1911 5155 1954 5236 χῖ,
1974 5167 2009 5226 οἷς
2027 5167 2057 5220 ἐκ

402 5259 457 5310 τῶν
475 5255 505 5310 ἐν
527 5257 566 5327 τῷ
588 5255 706 5326 κανονίῳ
731 5256 787 5308 τῶν
811 5255 956 5322 βασιλειῶν
979 5255 1196 5326 ἐπισυναγωγῶν
1217 5256 1325 5325 γίνεται
1348 5256 1438 5326 δῆλον.
1478 5260 1510 5310 do
1531 5259 1678 5310 Ptolemaeo
1703 5267 1742 5308 est
1763 5258 1831 5322 quod
1850 5257 1958 5322 dubites,
1976 5258 2057 5309 donec

402 5347 433 5398 de
451 5347 569 5398 codicum
587 5345 695 5397 lectione
713 5351 820 5409 constet,
839 5345 949 5396 Helmss
972 5347 1041 5397 enirn
1064 5348 1142 5398 editio
1165 5348 1234 5398 vitiis
1259 5348 1412 5398 obscuratur
1429 5344 1483 5413 οἳ
1501 5343 1527 5395 οἱ
1545 5341 1575 5394 δὲ
1593 5343 1664 5412 perri
1682 5341 1744 5400 τοιῑς
1763 5341 1922 5411 εἰρημένους
1939 5340 2057 5400 κανόνας
2089 5410 2093 5420 ·

402 5433 429 5496 (l.
449 5429 571 5495 κανόνες)
594 5429 664 5480 arcui
688 5425 720 5480 ro*
743 5427 787 5481 ἐπ’
809 5424 893 5497 αὐτῆς
916 5433 943 5497 (l.
962 5424 1063 5495 adroic)
1087 5429 1270 5501 προκανόνιον
1292 5431 1339 5500 τῆς
1361 5431 1415 5483 τῶν
1439 5426 1494 5482 α’πό
1517 5431 1564 5498 τῆς
1587 5428 1689 5497 ἐποχῆς
1710 5428 1849 5496 βασιλικῆς
1867 5430 1895 5495 (f.
1914 5428 2057 5495 βασιλέοιν)

401 5515 611 5587 χρονογραφίαις
629 5517 787 5584 περιέχουσι
803 5517 858 5568 κτλ.
895 5527 1008 5571 ceterum
1034 5521 1133 5587 epocha
1160 5521 1256 5572 tabulis
1282 5528 1377 5572 astron.
1405 5537 1421 5572 a
1447 5521 1595 5572 Ptolemaeo
1617 5520 1758 5570 constituta
1780 5525 1820 5569 est
1841 5533 1925 5568 annus
1943 5517 2056 5584 Philippi

402 5607 505 5658 Aridaei
523 5607 567 5658 vel
583 5607 618 5657 ab
636 5621 745 5657 excessu
762 5605 904 5656 Alexandri
922 5607 957 5656 M.
976 5607 1081 5672 primus,
1100 5609 1133 5658 cf.
1152 5607 1259 5659 Ptolem.
1278 5604 1384 5673 pau,
1402 5607 1474 5658 Theo
1493 5623 1583 5657 comm.
1603 5606 1664 5658 min.
1682 5621 1707 5671 p.
1721 5601 1754 5654 27
1768 5605 1801 5655 Η.
1819 5613 1868 5656 stc.
1974 5603 1997 5668 ²)
2015 5605 2056 5656 Cf.

401 5695 430 5744 L.
450 5693 534 5744 Idsler
552 5691 651 5745 Hister.
670 5692 769 5743 Ualero.
788 5709 812 5759 p.
826 5688 884 5755 165,
903 5693 935 5742 rle
952 5692 1098 5744 Timochari
1116 5693 1175 5745 vide
1193 5693 1301 5744 Ptolem.
1320 5698 1388 5759 synt.
1402 5689 1480 5743 vna
1497 5697 1515 5744 t.
1529 5693 1554 5742 Il
1572 5709 1597 5759 p.
1613 5689 1645 5743 15
1663 5692 1779 5742 Halmae.
