4554 6316
798 1340 1521 1478 ADDITAMENTVM
1568 1341 1651 1461 ΙΙ.

532 1620 1157 1717 INTDRPOLATIONES
1193 1620 1344 1717 OOD.
1377 1619 1630 1717 MONAO.
1667 1619 1914 1716 OOXLVI

675 1778 722 1870 A
761 1774 1214 1887 DlOOLliTIANO
1257 1777 1351 1872 AD
1390 1775 1771 1872 AROADIVM.

551 2041 859 2108 Diocletianus.
1115 1955 1325 2038 (mm)

393 2163 572 2248 Imperavit
593 2183 644 2226 an.
660 2160 726 2226 XX
750 2199 790 2208 —
815 2161 909 2226 Beda
930 2183 955 2226 c.
971 2165 1045 2228 398.

395 2265 457 2340 Oui
480 2264 714 2332 Maximianum
735 2264 926 2330 Herculium
950 2264 1124 2330 ansarem
1148 2264 1225 2330 lecit
1247 2303 1287 2311 -
1312 2264 1446 2344 merop.
1464 2266 1493 2342 9,
1507 2268 1559 2329 20.

394 2369 566 2435 Oarausius
591 2369 810 2434 ...obtinuit
833 2407 874 2416 -
897 2369 990 2434 Beda
1012 2390 1037 2433 c.
1054 2370 1128 2433 399.

315 2561 316 2566 ¹
395 2471 619 2539 Diocletianus
646 2473 790 2559 periculo
820 2479 986 2558 permotus
1016 2479 1150 2559 propter
1180 2473 1356 2537 eminentia
1386 2473 1474 2536 bella
1498 2495 1539 2537 ex
1563 2472 1761 2539 Maximiano
1784 2475 1939 2540 Herculio
1965 2471 2054 2540 an-

482 2596 587 2641 sarem
616 2575 694 2640 lcoit
721 2576 918 2661 Augustum,
943 2575 1164 2640 Constantium
1196 2583 1229 2640 et
1259 2576 1491 2641 Maximianum
1523 2575 1724 2661 (marianum
1748 2578 1854 2665 Mon.)
1882 2579 2054 2644 Galerium

482 2677 640 2744 ansares
663 2679 772 2765 elegit.
818 2677 1023 2744 Oonstantius
1046 2679 1225 2764 privignam
1242 2728 1249 2742 .
1267 2730 1274 2744 .
1293 2729 1299 2743 .
1317 2678 1488 2764 repudiare
1505 2681 1650 2766 conpulsi
1670 2687 1743 2746 sunt
1762 2721 1797 2730 -
1815 2681 1908 2748 Beda
1930 2703 1956 2747 c.
1973 2685 2051 2748 399.

448 2831 450 2836 ,
484 2785 549 2845 400
571 2789 600 2846 et
622 2782 757 2864 Fmtrop.
771 2785 804 2863 9,
820 2785 864 2847 22
885 2787 1039 2864 (extrema
1061 2783 1136 2847 inde
1157 2803 1179 2845 a
1201 2782 1365 2847 Valeriam
1388 2803 1446 2847 oen.
1467 2783 1582 2863 laia).

395 2887 616 2952 Diocletianus
639 2885 774 2951 adorare
798 2907 833 2952 se
856 2935 914 2951 ...
939 2888 1106 2972 aprivato
1129 2887 1223 2952 abitu
1242 2887 1314 2971 plus
1336 2886 1496 2952 haberent
1520 2925 1560 2934 -
1584 2887 1674 2952 Hier.
1690 2891 1785 2956 2312.

396 2989 476 3054 Post
499 2988 531 3053 X
556 3010 656 3054 annos
760 2997 893 3079 recepta
916 2997 967 3055 est
991 3028 1028 3037 -
1052 2991 1145 3055 Beda
1166 3011 1192 3054 c.
1208 2993 1282 3054 401.

396 3096 493 3161 quta
515 3095 680 3180 Lingonas
703 3145 761 3163 ...
787 3117 883 3161 caesa
905 3104 979 3161 suut
1002 3135 1042 3144 -
1066 3095 1156 3160 Hier.
1172 3097 1267 3160 2317.

394 3200 558 3265 Paulatim
590 3219 630 3264 ex
661 3200 716 3264 illo
748 3206 895 3286 tempore
924 3199 1144 3264 Diocletianus
1178 3199 1437 3284 persecutionem
1469 3197 1623 3263 adversus
1651 3197 1851 3265 Christianos
1887 3201 2047 3287 incipiens

481 3323 590 3390 agere.

395 3407 433 3472 In
455 3408 535 3472 urbe
558 3405 664 3471 Roma
686 3405 786 3471 Gaius
801 3405 866 3470 XV
888 3408 980 3471 annis
1002 3405 1183 3471 sacerdotio
1208 3405 1395 3490 perfunctus
1417 3404 1640 3471 Marcellinum
1664 3429 1883 3473 successorem
1908 3408 2050 3495 reliquit.

394 3510 490 3575 Anno
514 3509 651 3574 XVIIII
673 3511 798 3596 imperii
820 3509 1017 3576 Diocletiani
1039 3530 1151 3574 mense
1175 3508 1293 3574 Martio
1317 3558 1347 3573 ..
1365 3558 1372 3571 .
1397 3510 1550 3595 consequi
1564 3531 1628 3574 non
1644 3531 1741 3596 posse
1757 3548 1799 3559 -
1816 3512 1957 3592 Rufinus
1972 3515 2003 3590 8,
2018 3516 2051 3576 2.

395 3613 617 3680 Diocletianus
644 3615 677 3678 in
706 3613 858 3695 Oriente,
888 3613 1103 3678 Maximianus
1129 3612 1303 3678 Herculius
1331 3614 1363 3677 in
1396 3611 1573 3678 Occidente
1601 3620 1730 3679 vastant
1760 3613 1981 3680 Ohnstiannos
2007 3653 2047 3664 -

483 3717 577 3782 Beda
598 3738 624 3783 c.
640 3719 714 3782 402.

395 3821 445 3886 Da
467 3827 663 3906 tempestate
685 3821 719 3884 in
741 3820 821 3885 urbe
838 3819 944 3884 Roma
959 3820 1174 3901 Marcellinus,
1199 3842 1271 3885 cum
1286 3841 1404 3884 novem
1428 3821 1519 3885 annis
1542 3819 1798 3887 administrasset
1820 3821 2051 3906 sacerdotium,

485 3925 638 4010 martyrio
655 3929 893 3988 consummatus
910 3931 967 3989 est.
1006 3924 1118 3989 sedem
1135 3924 1307 3989 sacerdotii
1330 3925 1472 4009 suscepit
1493 3923 1663 4007 Eusebius,
1688 3925 1741 4011 qui
1764 3931 1798 3990 et
1820 3927 1889 4012 ipse
1913 3933 2053 4012 quatuor

483 4028 648 4093 mensibus
671 4027 811 4114 peractis
834 4026 945 4092 sedem
969 4029 1099 4115 reliquit
1121 4027 1277 4093 Miltiade.

396 4132 490 4196 Anno
521 4131 662 4196 secundo
693 4133 924 4219 persecutionis
954 4131 1176 4197 Diocletianus
1204 4133 1303 4196 invito
1337 4131 1533 4196 Maximiano
1564 4132 1717 4197 Herculio
1748 4133 1855 4218 coegit
1887 4139 1920 4197 et
1948 4134 2048 4198 ambo

482 4257 546 4300 una
573 4234 626 4300 die
653 4234 875 4300 Diocletianus
903 4234 1132 4317 Nicomediae,
1162 4235 1378 4301 Maximianus
1406 4234 1582 4301 Mediolani
1615 4257 1789 4323 purporam
1813 4236 2046 4324 deposuerunt,

481 4338 659 4404 iunioribus
682 4341 715 4404 in
730 4361 798 4404 rem
815 4340 977 4427 publicam
994 4340 1184 4422 substitutis,
1200 4341 1262 4425 ipsi
1278 4341 1310 4404 in
1330 4341 1454 4426 privato
1472 4339 1538 4404 otio
1554 4349 1824 4407 consenescerent
1848 4379 1887 4390 -
1912 4341 2053 4422 Eutrop.

483 4445 513 4522 9,
528 4445 573 4508 27
594 4449 623 4508 el
644 4443 738 4508 Beda
760 4445 876 4509 aloe.

312 4621 318 4630 ¹
387 4547 554 4612 Attamen
577 4555 695 4635 coepta
717 4549 818 4613 semel
842 4596 899 4612 ...
923 4569 986 4612 non
1010 4555 1115 4613 cessat
1138 4585 1178 4596 -
1202 4547 1295 4612 Beda
1317 4571 1342 4612 c.
1358 4550 1432 4611 403.

397 4651 491 4716 Haec
513 4652 696 4738 persecutio
721 4701 778 4716 ...
803 4651 1047 4738 comprehendit
1069 4689 1109 4698 -
1134 4652 1227 4717 Beda
1249 4673 1275 4716 c.
1290 4652 1473 4717 eoo-407.

556 4841 769 4907 Galerius.

397 4962 546 5027 Galerius
569 4959 786 5026 Maximianus
809 4982 859 5027 an.
883 4962 909 5042 I,
939 4961 1017 5026 alibi
1039 4960 1072 5025 II
1096 4999 1136 5010 -
1159 4960 1242 5025 illud
1263 4961 1477 5044 Hieronymus
1504 4965 1534 5024 ct
1555 4960 1649 5026 Beda
1675 4984 1700 5026 c.
1723 4965 1788 5026 408
1808 4961 1970 5043 implicite,
1994 4961 2051 5026 loc

483 5064 629 5130 latices
650 5087 675 5128 c.
692 5067 766 5130 327.

398 5168 547 5236 Galerius
571 5175 604 5233 et
620 5166 826 5233 Constantius
843 5169 1001 5234 Caesares
1024 5170 1119 5255 primi
1134 5168 1281 5234 Romano
1305 5170 1441 5255 imperio
1464 5170 1496 5232 in
1520 5167 1599 5232 duas
1622 5175 1731 5255 partes
1755 5168 2051 5235 determinaverunt

483 5309 525 5321 —
540 5270 728 5352 Rufinasd,
745 5275 801 5335 16:
824 5274 857 5336 in
880 5272 959 5337 duas
982 5294 1121 5359 namque
1144 5274 1387 5359 procurationes
1411 5271 1593 5336 Romanum
1616 5293 1752 5358 regnum
1775 5273 1881 5337 iuerat
1904 5271 2050 5337 divisum.
2093 5275 2095 5278 ’

397 5376 547 5442 Galerius
562 5374 779 5439 Maximianus
794 5375 987 5461 Hillyricum
1002 5377 1114 5441 Asiam
1137 5387 1170 5440 et
1186 5376 1364 5459 Orientem,
1382 5375 1588 5441 Constantius
1602 5377 1732 5439 Italiam
1747 5375 1891 5441 Africam
1914 5375 2051 5462 Spanius

484 5487 518 5544 et
540 5478 680 5546 Galliam
703 5479 858 5544 obtenuit.
915 5478 974 5543 sed
998 5479 1204 5544 Constantius
1227 5481 1275 5544 vir
1297 5481 1576 5567 tranquillissimus
1593 5478 1732 5543 Galliam
1756 5485 1790 5543 et
1804 5478 1958 5567 Spaniam
1974 5499 2050 5544 con·

483 5589 591 5649 tentus
614 5581 747 5647 Galerio
771 5588 901 5648 caetera
923 5585 1020 5648 cessit
1042 5621 1083 5632 -
1100 5584 1235 5666 Ειιίνορ.
1254 5585 1304 5662 10,
1321 5587 1349 5660 1,
1368 5583 1563 5666 Hispaniam
1584 5603 1649 5650 noa
1671 5583 1843 5648 enuntians
1864 5583 1986 5650 diserte.
