4554 6314
404 381 441 444 18
1055 377 1189 435 munna
1209 375 1401 434 SAPIEN'IIS

511 549 566 614 VI.
612 549 741 624 Quanta
764 557 941 637 martyrum
964 553 1069 637 gloria
1097 559 1163 617 tam
1186 552 1219 617 in
1241 552 1408 618 Britannia
1431 575 1526 639 quam
1555 554 1587 618 in
1610 553 1759 618 universa
1782 559 1857 618 tuuc
1881 553 2059 620 effloruerit

402 654 548 720 ecclesia.

512 757 587 823 VII.
634 757 804 832 Quomodo
837 760 975 825 ecelesia
1002 761 1146 826 redivivo
1174 762 1253 826 flore
1277 761 1498 848 respiraverit,
1527 759 1586 826 sed
1617 767 1726 825 tamen
1747 757 1876 824 Arriani
1906 761 2057 846 contagio

399 862 520 928 infecta
543 861 711 926 defecerit.

512 964 607 1031 VIII.
654 964 802 1039 Qualiter
824 986 905 1051 gens
927 966 1097 1034 Britonum
1119 969 1333 1056 imperatores
1355 968 1521 1033 Romanos
1545 968 1713 1032 attriverit.

503 1071 568 1136 IX.
615 1071 761 1145 Qualiter
783 1071 935 1138 Britones
958 1075 1073 1139 arctati
1096 1095 1116 1138 a
1138 1073 1255 1140 Scottis
1279 1081 1313 1138 et
1333 1075 1433 1140 Pictis
1456 1095 1515 1161 pro
1538 1072 1687 1138 Romano
1711 1072 1857 1137 miserint
1879 1071 1999 1136 auxilio
2025 1075 2059 1135 et

400 1175 612 1250 obtinuerint;
638 1181 671 1240 et
687 1178 782 1262 quale
809 1177 976 1242 consilium
992 1178 1132 1243 Romani
1155 1179 1201 1244 eis
1224 1178 1382 1261 dederint,
1405 1177 1557 1244 videlicet
1578 1184 1615 1244 ut
1633 1176 1797 1243 interduo
1813 1178 1915 1242 maria
1931 1196 2058 1240 murum

400 1299 459 1366 per
480 1279 569 1344 milia
591 1299 743 1363 passuum
769 1280 911 1364 plurima
933 1287 1021 1346 trans
1043 1282 1180 1348 insulam
1202 1283 1398 1348 instruerent
1414 1281 1508 1365 (-rint
1525 1281 1576 1364 X)
1600 1303 1620 1346 a
1642 1283 1722 1346 mari
1739 1280 1868 1346 Scotiae
1891 1301 1993 1366 nsque
2016 1278 2059 1344 ad

401 1403 489 1449 mare
512 1381 707 1464 Hiberniae,
736 1383 769 1446 id
793 1390 843 1448 est
866 1405 886 1448 a
907 1384 988 1450 Kair
1009 1385 1103 1451 Eden
1127 1387 1238 1451 civitas
1262 1387 1497 1472 antiquissima,
1522 1384 1658 1451 duorum
1681 1385 1783 1450 ferme
1807 1385 1928 1449 milium
1951 1383 2057 1469 spatio

402 1487 640 1551 emonasterio
665 1485 879 1572 Abercurnig,
903 1488 991 1573 quod
1012 1510 1096 1554 nunc
1117 1495 1251 1554 vocatur
1272 1488 1451 1570 Aberoom,
1477 1489 1519 1554 ad
1542 1488 1743 1554 occidentem
1766 1487 1918 1568 tendens,
1948 1493 2059 1552 contra

404 1589 606 1654 occidentem
630 1591 720 1654 iuxta
742 1591 856 1655 urbem
874 1591 1016 1657 Alclnth.
1062 1599 1095 1657 at
1118 1593 1255 1658 insulani
1276 1615 1402 1659 murum
1424 1615 1488 1659 non
1510 1599 1578 1658 tam
1593 1593 1755 1678 lapidibus
1770 1612 1867 1678 quam
1883 1591 2060 1677 cespitibus

402 1699 626 1759 constmentes
649 1692 691 1757 ad
713 1693 845 1759 nihilum
868 1696 981 1760 utilem
1004 1702 1165 1778 statuunt,
1198 1697 1274 1782 quia
1296 1698 1404 1762 statim
1427 1696 1583 1762 Romanis
1605 1695 1856 1783 repatriantibus
1878 1695 1993 1759 iterum
2016 1693 2059 1758 ab

401 1797 478 1883 ipsis
500 1799 681 1884 Impugnati
703 1805 777 1862 suut
800 1797 907 1883 (Beda
928 1800 958 1865 It.
981 1800 1050 1866 eccl.
1079 1798 1192 1887 1,12).

507 1901 550 1965 Χ.
596 1900 701 1975 Quam
722 1903 839 1968 misere
860 1904 960 1988 legati
976 1902 1144 1970 Britonum
1160 1904 1300 1970 Romam
1323 1905 1440 1968 iterum
1464 1903 1641 1980 mittuntur,
1665 1901 1771 1966 scissis
1789 1901 1942 1984 vestibus,
1965 1900 2059 1966 nudis

401 2004 549 2090 pedibus,
573 2006 694 2091 opertis
717 2005 851 2072 sablone
874 2009 1042 2094 capitibus,
1068 2008 1199 2073 lubricis
1221 2008 1395 2093 gressibus,
1419 2007 1596 2072 lacrimosis
1611 2005 1893 2091 postulationibus,
1918 2007 2060 2090 querulis

401 2110 547 2191 vocibus,
578 2110 700 2175 cunctis
727 2109 882 2176 membris
906 2113 1202 2194 contrementibus,
1235 2111 1434 2176 aRomanis
1461 2111 1756 2196 auxilia'petentes
1780 2115 1813 2174 et
1836 2109 2059 2193 impetrantes.

507 2213 567 2278 XI.
614 2212 784 2286 Quomodo
801 2214 951 2280 Britones
974 2237 1099 2280 rursum
1115 2215 1300 2280 Romanum
1317 2215 1467 2281 solatium
1482 2215 1694 2300 repetierunt,
1718 2218 1751 2276 et
1768 2213 1906 2299 qualiter
1919 2213 2061 2279 Romani

404 2339 476 2383 sese
502 2324 748 2399 excusaverunt,
772 2317 832 2382 sed
854 2325 963 2384 tamen
987 2318 1121 2384 laudare
1146 2328 1179 2385 et
1201 2341 1334 2386 monere
1359 2324 1545 2404 coeperunt,
1567 2324 1604 2383 ut
1625 2337 1751 2382 murum
1775 2338 1795 2381 a
1816 2316 1897 2381 mari
1913 2316 1955 2382 ad
1970 2339 2060 2382 mare

402 2422 559 2500 tacerent,
584 2420 670 2506 quod
693 2427 727 2485 et
743 2422 889 2487 fecemnt
912 2424 1030 2488 amari
1051 2423 1247 2509 Norwagiae
1271 2444 1373 2509 usqne
1397 2421 1440 2487 ad
1462 2441 1551 2486 mare
1568 2419 1757 2486 Galwadiae
1780 2441 1840 2507 per
1862 2427 1935 2486 octo
1958 2420 2062 2507 pedes

402 2525 504 2588 latum
527 2530 561 2588 et
581 2522 752 2590 duodecim
775 2526 876 2589 altum
900 2531 934 2590 et
956 2532 1060 2592 turres
1083 2548 1144 2613 per
1166 2528 1336 2592 intervalla
1359 2530 1615 2606 construxenmt,
1640 2545 1679 2590 eo
1702 2525 1735 2589 in
1757 2525 1829 2590 loco
1846 2523 1902 2590 ubi
1920 2525 2060 2590 Severus

403 2629 580 2713 imperator
595 2629 772 2694 maximam
793 2630 912 2694 fossam
927 2630 1210 2717 firmissimumque
1225 2631 1355 2712 vallum,
1381 2630 1502 2695 crebris
1517 2631 1649 2715 insuper
1662 2629 1802 2693 turribus
1819 2630 2060 2710 communitum,

403 2752 463 2818 per
479 2729 642 2796 cxxxss
664 2733 752 2796 milia
774 2753 928 2818 passuum
950 2735 1048 2819 longe
1070 2741 1146 2799 ante
1167 2735 1300 2816 fecerat,
1323 2733 1427 2798 idest
1450 2733 1572 2814 avilla,
1597 2753 1679 2818 quae
1697 2733 1833 2817 Anglice
1847 2731 2060 2798 Wallesende

404 2835 528 2917 dicitur,
552 2835 668 2898 Latine
693 2855 769 2899 vero
794 2833 900 2921 Saput
922 2835 1005 2901 Muri
1036 2839 1284 2924 interpretatur,
1316 2858 1400 2924 quae
1433 2843 1484 2902 est
1512 2837 1604 2901 iuxta
1627 2835 1840 2910 Tinemuthe;
1871 2838 1925 2922 qui
1951 2857 2062 2900 murus

403 2941 539 3004 multum
569 2938 671 3003 distat
699 2960 719 3002 a
747 2939 894 3025 praefato
922 2941 1008 3007 vallo
1036 2941 1123 3027 apud
1149 2941 1337 3025 meridiem,
1374 2962 1470 3028 quem
1502 2946 1599 3006 autea
1630 2938 1718 3026 apud
1739 2939 1821 3006 Kair
1842 2939 1936 3005 Edon
1965 2961 2063 3026 supra

404 3063 495 3108 mare
510 3041 650 3108 Scotias
674 3043 918 3108 constituerunt.

509 3143 591 3211 XII.
636 3146 784 3221 Qualiter
805 3168 885 3233 gens
908 3149 1022 3213 scabra
1045 3146 1229 3214 Scottorum
1257 3152 1424 3235 comperta
1454 3147 1663 3214 excusatione
1686 3146 1905 3212 Romanorum
1932 3148 1966 3211 in
1988 3147 2061 3213 Bri-

406 3258 497 3316 tones
520 3251 752 3315 insurrexerint
775 3256 809 3316 et
832 3271 888 3316 eos
910 3250 1136 3338 persequendo
1159 3252 1360 3319 lacesserint.

509 3353 610 3418 XIII.
656 3353 751 3428 Quod
765 3353 916 3419 Britones
941 3354 1047 3419 adhuc
1069 3375 1160 3421 more
1183 3357 1278 3420 solito
1302 3355 1344 3420 ad
1359 3355 1524 3420 Romanos
1546 3355 1712 3419 mittentes
1735 3354 1832 3418 nichil
1854 3355 2062 3441 profecerint,

406 3457 464 3524 sed
487 3478 611 3522 rursum
634 3459 699 3522 suis
721 3458 842 3523 viribus
865 3459 1039 3524 innitentes
1061 3459 1172 3525 Pictos
1194 3460 1405 3545 propulerint.

511 3561 632 3626 XIIII.
680 3559 851 3635 Quomodo
876 3562 980 3627 omnis
1002 3562 1125 3627 iustitia
1145 3583 1165 3626 a
1185 3562 1372 3627 Britonibus
1395 3561 1528 3649 perierit
1551 3566 1585 3625 et
1608 3561 1711 3626 omnis
1733 3561 1879 3647 nequitia
1901 3583 1959 3647 pro
1975 3563 2062 3627 veri·

406 3671 484 3747 tate,
509 3666 607 3730 etiam
629 3665 715 3730 inter
735 3665 916 3750 religiosos,
939 3667 1135 3732 succreverit
1158 3665 1269 3752 (nent
1290 3665 1349 3748 X).

512 3767 589 3835 XV.
634 3767 729 3841 Quod
757 3767 909 3835 Britones
942 3791 1001 3855 pro
1034 3769 1218 3836 Senonibus
1247 3771 1404 3836 miserunt
1431 3776 1465 3835 et
1492 3791 1550 3836 eos
1573 3769 1635 3835 deo
1664 3768 1826 3835 iudicante
1854 3791 1912 3855 pro
1935 3771 2064 3856 peccati

405 3874 535 3958 flagello
560 3878 780 3960 susceperunt.

509 3973 605 4040 XVI.
651 3975 798 4050 Qualiter
818 3997 899 4061 gens
923 3976 1085 4043 Saxonica
1107 3997 1180 4042 cum
1204 3977 1306 4042 tribus
1329 3977 1435 4064 kyulis
1458 3975 1628 4063 (cupersan.
1645 3977 1675 4041 .i.
1691 3976 1795 4062 longis
1817 3976 1967 4063 navibus)
1990 3976 2063 4041 Bri·

407 4081 549 4146 tanniam
573 4080 735 4166 appulerit
757 4086 791 4144 et
814 4085 928 4165 postea
951 4080 1102 4147 Britones
1124 4082 1371 4167 impugnaverit.

512 4182 628 4249 XVII.
675 4181 846 4258 Quomodo
878 4183 1026 4250 Saxones
1060 4191 1182 4250 sumtus
1214 4186 1351 4251 maiores
1386 4187 1480 4251 solito
1512 4191 1669 4272 expetunt
1700 4192 1733 4250 et
1763 4185 1824 4250 hoc
1854 4206 1974 4272 genere
2002 4187 2063 4250 im·

407 4286 573 4375 pugnandi
595 4287 749 4352 materias
772 4289 981 4372 quaesiemnt
1004 4295 1038 4354 et
1061 4294 1172 4354 sancte
1195 4287 1249 4354 dei
1272 4288 1481 4374 diripuerunt.

514 4389 650 4456 XVIII.
696 4389 843 4464 Qualiter
857 4390 1049 4457 Ambrosius
1064 4391 1260 4458 Aurelianus
1281 4393 1368 4458 solus
1392 4394 1439 4459 eie
1454 4391 1610 4458 restiterit
1632 4393 1751 4479 etquis
1768 4391 1885 4458 Gildae
1902 4393 2064 4481 Sapientis

408 4497 586 4562 nativitatis
608 4515 710 4560 annus
732 4496 784 4560 sit.

513 4597 615 4664 XIX.
662 4596 833 4672 Quomodo
856 4618 937 4684 gens
960 4598 1147 4664 Britannica
1168 4605 1283 4686 postea
1306 4605 1375 4665 tota
1397 4598 1578 4685 ydolatriae
1603 4600 1765 4665 erroribus
1788 4602 1829 4665 sit
1851 4599 1989 4666 subdita.

514 4703 594 4768 XX.
639 4702 880 4790 Recepitulatio
896 4703 1104 4789 singulorum,
1129 4723 1212 4788 quae
1229 4704 1374 4789 superius
1392 4703 1553 4789 descripta
1574 4709 1658 4786 sunt,
1682 4705 1929 4791 epigramatum,
1952 4705 1985 4769 in
2001 4725 2065 4790 qua

410 4807 678 4894 recapitulatione
708 4813 820 4872 auctor
849 4807 956 4893 operis
983 4807 1142 4892 promittit
1170 4828 1205 4872 se
1232 4807 1389 4872 maiorem
1415 4807 1533 4871 libmm
1556 4806 1596 4871 de
1619 4807 1750 4894 regibus
1773 4806 1942 4874 Britonum
1966 4815 2000 4874 ct
2022 4807 2063 4873 de

408 4912 539 4999 proeliis
561 4932 671 4977 eorum
689 4909 947 4994 describendum,
971 4931 1067 4997 quem
1083 4917 1117 4976 et
1132 4917 1247 4998 postea
1271 4911 1348 4977 facit
1369 4911 1425 4994 (cs.
1442 4931 1524 4992 qaae
1545 4931 1647 4992 supro
1662 4933 1698 4993 p.
1715 4915 1757 4974 11
1780 4934 1819 4978 ca
1839 4913 1943 4979 codem
1963 4913 2065 4978 codice

407 5014 601 5099 arratam).

511 5135 698 5222 Expliciunt
721 5136 837 5221 capita.
1461 5209 1463 5213 Α

409 5242 544 5306 Glossae
568 5259 697 5325 quoque
718 5239 838 5324 passim
858 5239 890 5304 in
910 5239 1021 5306 codice
1043 5242 1249 5327 reperiuntur
1270 5261 1367 5328 supra
1389 5260 1516 5305 versum
1538 5241 1731 5327 adscriptae,
1754 5247 1791 5304 ut
1814 5244 1887 5304 sunt
1907 5261 1938 5325 p.
1957 5243 2008 5321 28,
2026 5245 2063 5305 13

408 5342 585 5430 meliorata]
606 5349 722 5409 ornata
739 5381 781 5390 —
799 5345 849 5424 28,
868 5346 904 5406 19
921 5342 1047 5430 malem]
1066 5346 1224 5411 moneas
1238 5382 1278 5392 —
1292 5342 1525 5432 imprimebant]
1542 5345 1744 5410 ostendebant
1757 5379 1793 5390 —
1811 5346 1863 5424 28,
1877 5346 1919 5408 20
1935 5341 2062 5429 lucidis]

408 5448 577 5534 sanabant
593 5486 635 5498 -
652 5451 704 5529 28,
721 5452 759 5512 21
778 5445 1015 5533 accubantibus]
1034 5451 1260 5530 occupantibus
1279 5486 1313 5496 -
1334 5452 1413 5528 29‚t
1432 5446 1560 5536 amnne]
1571 5449 1674 5530 piscis
1688 5454 1723 5512 et
1738 5447 1784 5512 sic
1800 5445 1968 5532 deinceps;
1984 5468 2064 5534 pau-

410 5576 464 5620 cas
486 5555 565 5618 alias
588 5553 697 5618 rettuli
718 5551 751 5616 in
774 5555 974 5637 apparatum.
998 5549 1137 5638 deniqne
1160 5554 1193 5618 in
1209 5555 1354 5638 margine
1378 5553 1452 5617 libri
1473 5551 1590 5618 adsunt
1606 5551 1831 5618 adnotationes
1847 5551 1909 5614 hae
1926 5553 2065 5638 scriptae

410 5680 507 5728 manu
529 5659 676 5744 antiqua:
