4554 6316
830 390 861 444 A.
881 387 1261 445 cxxxvm-OGOLxxn.

849 577 1007 654 Ὕπατον
1031 581 1230 676 Ῥωμαίων

776 1153 801 1214 Β
866 1099 869 1258 Ι
923 1139 1097 1222 Ἀντώνιος
1115 1137 1268 1230 Ἕοσεβῖς
1340 1167 1396 1208 και
1419 1147 1623 1228 Καρμερινος

1116 1251 1148 1258 ἠ
1341 1287 1398 1328 και
1421 1257 1617 1348 Πρεοέντιος

1341 1381 1399 1448 καί
1422 1377 1604 1468 Αυρίλλιος
1625 1375 1760 1464 Κάισαρ

1342 1501 1399 1568 καὶ
1424 1503 1566 1590 Σευῆρος

1342 1619 1399 1688 καὶ
1421 1621 1634 1709 Κοολδροτος

1342 1741 1399 1808 καὶ
1419 1736 1569 1822 Ἀττικός

1341 1861 1399 1929 καὶ
1419 1856 1592 1941 Ἀοόυῖτος

1341 1981 1399 2049 καὶ
1408 1977 1592 2070 ’Λορίλλιος
1604 1977 1738 2066 Καίσαρ
1750 1974 1789 2045 τὸ
1799 1965 1833 2044 Β

1342 2103 1399 2170 καὶ
1422 2099 1590 2181 Κλάοδιος

1343 2224 1399 2290 καὶ
1424 2219 1614 2302 Μεσαλίνος

1342 2343 1400 2411 καὶ
1417 2329 1584 2422 Ϊοολοανος

921 2469 1079 2562 ’Όρφιτος
1343 2463 1400 2531 καὶ
1423 2462 1571 2551 Πρίσκος

930 2603 959 2661 Γ
956 2588 1130 2671 αλὶοκονός
1343 2586 1401 2654 καὶ
1428 2581 1605 2671 Οοετήριος

929 2709 1114 2792 Κονόιανός
1343 2708 1401 2775 καὶ
1425 2704 1586 2792 Μάξιμος

931 2845 961 2902 Γ
958 2832 1101 2922 αλβρίων
1344 2829 1401 2897 καὶ
1417 2823 1609 2914 ’Όμμοολος

930 2960 1126 3042 Πρεσὲντιος
1344 2949 1401 3017 καὶ
1420 2945 1591 3038 Ῥοοφίνος

928 3074 1085 3163 Κόμοδος
1343 3069 1401 3138 καὶ
1423 3077 1617 3155 Λατερανος

929 3205 1075 3285 Σαβονος
1343 3193 1401 3261 καὶ
1425 3195 1567 3282 Σευῆρος

929 3314 1108 3398 Σουλοανός
1343 3315 1401 3382 καὶ
1424 3305 1594 3399 Ἀυριανός

927 3437 1103 3528 Βάρβαρος
1343 3435 1400 3503 καὶ
1419 3428 1586 3522 Ῥίγοολος

932 3562 1110 3648 Τερτολλος
1342 3555 1398 3623 καὶ
1424 3556 1593 3642 Κλημινος

927 3677 1106 3760 Κύντιλλος
1342 3675 1400 3744 καὶ
1423 3672 1572 3762 Πρίσκος

927 3797 1100 3887 Βρολόοος
1341 3797 1398 3864 καὶ
1420 3800 1549 3883 Θαρρος

849 4003 854 4012 Ι
923 3915 1097 4001 Ἀπώνιος
1118 3911 1212 3990 τὸῗ
1341 3917 1398 3986 καὶ
1426 3921 1550 4004 Οοηρος
1570 3900 1663 3980 AB

927 4041 1121 4122 Ροοοτίκιος
1142 4039 1181 4109 τὸ
1204 4031 1238 4109 Β
1342 4038 1400 4106 καὶ
1421 4032 1609 4112 Ἀκοολίνος

927 4160 1110 4250 Κογλιανὸς
1186 4175 1197 4188 ’
1344 4159 1401 4227 καὶ
1424 4165 1570 4242 Παοτωρ

928 4289 1100 4371 Μοκρινος
1343 4279 1400 4348 καὶ
1423 4279 1550 4358 Κέλσος

919 4396 1082 4493 ’Όρφιτος
1343 4401 1399 4469 καὶ
1423 4401 1591 4479 Ποοδονος

928 4525 1094 4603 Ποοδονος
1342 4521 1399 4589 καὶ
1422 4521 1595 4588 Ποολλιων

927 4641 1077 4724 Λούκιος
1098 4640 1137 4711 τὸ
1161 4632 1194 4710 Γ
1342 4644 1400 4709 καὶ
1422 4637 1596 4728 Κοδράτος

924 4760 1143 4852 Ἀπρονιανός
1164 4762 1202 4831 τὸ
1223 4753 1257 4831 Β
1343 4762 1399 4830 καὶ
1424 4763 1558 4842 Παυλος
1578 4761 1617 4829 τὸ
1638 4751 1673 4827 Β

601 4900 663 4961 ΜΗ
989 4883 996 4908 ’

602 5020 663 5081 ΜΗ

602 5141 663 5203 ΜΗ

1344 4883 1401 4950 καὶ
1421 4877 1656 4972 Ἀπολοναριος

775 1885 806 1939 Δ

776 1998 800 2059 A

777 2120 801 2180 Β

778 2239 801 2300 Γ

775 2366 806 2420 Δ

779 2480 803 2541 A

778 2601 802 2661 Β

779 2721 803 2784 Γ

775 2849 806 2903 Δ

778 2963 802 3024 A

778 3084 803 3145 Β

779 3205 802 3266 Γ

773 3332 807 3386 ’Δ

778 3445 801 3506 A

778 3566 802 3627 Β

777 3685 802 3748 Γ

775 3813 806 3868 Δ

777 3927 801 3988 A

777 4048 801 4108 Β

778 4169 802 4232 Γ

776 4297 807 4352 Δ

777 4411 801 4472 A

777 4532 801 4592 Β

778 4654 801 4715 Γ

775 4780 806 4834 Δ

778 4896 802 4957 A

777 5016 802 5077 Β

778 5135 803 5198 Γ

929 5129 1070 5217 Σενῆρος

322 5361 368 5416 40¹
405 5362 495 5431 Ilugo
511 5357 668 5416 Ἀντωνῖνος
686 5359 730 5410 sed
748 5359 818 5410 hunc
835 5373 946 5408 errorem
964 5353 1109 5420 legitimum
1128 5356 1178 5406 iam
1198 5372 1250 5406 non
1268 5355 1394 5421 corrigam
1465 5354 1481 5405 l.
1503 5349 1655 5420 Καμερῖνος
1761 5349 1877 5404 21¹7oe-

218 5469 276 5504 κον
354 5449 489 5517 4sy1090
569 5447 619 5499 51.
640 5442 812 5516 Κουαδρᾶτος
893 5442 926 5496 13
943 5443 1016 5494 Vetus
1033 5446 1066 5494 cf.
1085 5460 1109 5509 p.
1123 5439 1175 5493 370
1258 5443 1288 5494 15
1308 5442 1417 5494 Glabrio
1435 5449 1458 5492 et
1476 5439 1617 5490 Homullus
1700 5436 1732 5489 16
1750 5438 1878 5490 Praesens

217 5536 251 5588 18
270 5536 430 5588 Sabinianus
502 5533 533 5586 19
551 5534 676 5586 Silvanus
693 5543 717 5585 et
730 5533 882 5600 Anqurinue
951 5527 985 5580 20
1002 5531 1019 5581 1.
1036 5526 1175 5596 Ῥήγοολος
1244 5528 1276 5581 21
1296 5531 1393 5581 latomo
1412 5524 1611 5594 Κλημεντῐνοςῖ
1628 5526 1720 5578 ceteris
1731 5533 1769 5578 ost
1783 5525 1879 5578 Sacer-

216 5623 263 5674 doe
342 5620 411 5673 231.
431 5616 632 5688 Βραδούαςκαὶ
652 5613 754 5690 Ου’ᾶρος
840 5617 875 5670 25
894 5617 1013 5668 Rusticus
1031 5625 1053 5667 et
1072 5616 1212 5682 Aquilium
1300 5613 1370 5666 261.
1391 5610 1539 5668 Ααιλιανός
1618 5609 1653 5663 28
1670 5621 1695 5664 et
1715 5609 1750 5664 29
1775 5612 1880 5665 Mem

215 5708 250 5762 29
268 5708 355 5760 Pollio
424 5707 569 5774 (noeentum
586 5710 664 5762 etiam
682 5708 710 5758 in
728 5725 752 5759 v.
771 5703 818 5756 καὶ
836 5707 959 5760 librarius
977 5705 1014 5756 uic
1032 5705 1118 5771 ponit:
1139 5702 1197 5768 κᾶν)
