4554 6316
969 347 1164 406 canorum.
1825 353 1888 419 323
2015 321 2017 324 ’

340 527 472 591 ιιιιΙΙιιιιι.
518 524 572 610 qui
594 530 703 588 autem
726 522 861 589 credunt
883 522 969 609 quod
992 521 1069 588 dicit
1091 524 1260 606 secundus,
1285 524 1406 590 tardius
1431 523 1595 591 dominum
1619 545 1690 590 esse
1706 530 1887 607 venturum,

340 632 368 695 si
390 631 506 695 falsum
534 629 630 693 fuerit
660 629 826 693 inventum
855 628 948 692 citius
972 627 1102 694 domino
1126 630 1291 710 veniente,
1315 629 1401 694 nullo
1432 628 1529 694 modo
1553 629 1606 716 qui
1630 629 1660 693 ai
1684 628 1889 694 crediderant

303 761 315 799 s
345 733 559 799 turbabuntur
586 733 619 797 in
647 730 726 815 fide,
757 731 815 796 sed
837 731 1001 817 inopinato
1029 732 1149 818 gaudio
1171 734 1386 818 perfruentur.
1432 740 1630 821 quapropter
1652 733 1707 819 qui
1729 732 1806 798 dicit
1829 731 1887 796 do-

340 841 462 904 minum
487 838 578 902 citius
602 857 673 902 esse
689 841 869 917 venturum,
893 835 1065 922 optabilius
1080 838 1229 923 loquitur,
1254 837 1312 902 sed
1328 837 1507 924 periculose
1524 839 1653 903 fallitur.
1701 838 1754 924 qui
1777 843 1887 901 autem

341 944 418 1009 dicit
440 942 605 1009 dominum
628 961 699 1005 csse
722 939 844 1005 tardius
867 944 1036 1004 venturum
1060 947 1093 1005 et
1115 947 1225 1006 tamen
1248 940 1350 1006 credit
1373 948 1482 1028 sperat
1504 949 1592 1007 amat
1614 943 1683 1007 eius
1700 941 1887 1023 adventum,

341 1049 487 1137 profecto
511 1046 552 1112 de
575 1044 727 1110 tarditate
751 1045 820 1108 eius
843 1045 969 1109 etiamsi
984 1045 1114 1129 fallitur,
1139 1047 1276 1112 feliciter
1298 1047 1428 1111 fallitur.
1473 1045 1609 1111 habebit
1631 1047 1716 1111 enirn
1732 1047 1888 1110 maiorem

341 1152 540 1239 patientiam,
564 1151 590 1214 si
612 1149 675 1214 hoc
696 1149 742 1212 ita
765 1149 840 1232 erit,
864 1150 1020 1213 maiorem
1042 1150 1210 1235 laetitiam,
1234 1152 1345 1216 sinon
1369 1151 1442 1216 erit:
1472 1171 1510 1215 ac
1533 1171 1593 1237 per
1614 1151 1676 1215 hoc
1699 1150 1740 1215 ab
1765 1151 1811 1214 eis
1834 1150 1890 1235 qui

290 1283 314 1322 ιο
342 1255 478 1341 diligunt
505 1253 798 1319 manifestationem
827 1250 963 1333 domini,
996 1253 1050 1318 ille
1086 1253 1214 1318 auditur
1243 1255 1385 1337 suavius,
1417 1254 1470 1318 isti
1505 1254 1646 1320 creditur
1679 1255 1788 1319 tutius.
1834 1254 1889 1339 qui

342 1367 451 1426 autem
474 1356 552 1444 quid
574 1357 688 1422 horum
710 1357 751 1420 sit
773 1377 885 1421 verum
907 1358 1057 1442 ignorare
1081 1379 1116 1423 se
1141 1359 1319 1441 confitetur,
1343 1358 1423 1423 illud
1440 1365 1550 1424 autem
1566 1365 1666 1446 optat,
1683 1361 1745 1424 hoc
1761 1359 1889 1440 tolerat,

341 1467 374 1530 in
395 1465 483 1530 nullo
507 1482 620 1527 corum
643 1467 738 1543 errat,
763 1461 838 1546 quia
860 1460 938 1525 nihil
961 1481 1074 1526 eorum
1097 1467 1153 1527 aut
1174 1463 1313 1528 infirmat
1336 1470 1392 1527 aut
1414 1470 1523 1548 negat.

261 1643 323 1705 600
766 1632 938 1699 LXVIHI.
967 1634 1018 1700 De
1042 1634 1242 1721 temporibus
1265 1635 1463 1701 Antichristi.

342 1759 417 1824 Duo
447 1777 527 1823 sane
556 1755 734 1821 certissima
768 1754 906 1820 necdum
939 1755 1086 1821 instantis
1113 1755 1179 1821 disi
1206 1756 1315 1822 iudicii
1336 1757 1495 1821 habemus
1520 1756 1653 1840 iudicia,
1676 1757 1774 1822 fidem
1796 1755 1889 1822 vide·

343 1865 419 1929 licet
440 1861 661 1956 israheliticae
691 1859 796 1944 gentis
828 1865 861 1924 et
883 1880 1018 1945 regnum
1042 1863 1365 1948 persecutionemque
1389 1862 1593 1944 Antichristi,
1617 1883 1714 1948 quam
1737 1859 1891 1926 videlicet

342 1967 602 2055 persecutionem
629 1965 724 2028 trium
752 1965 848 2028 semis
878 1985 1033 2030 annorum
1061 1965 1204 2030 futurum
1225 1965 1306 2031 fides
1331 1967 1488 2031 ecclesias
1517 1973 1617 2033 tenet.
1663 1964 1721 2032 sed
1744 1987 1785 2031 ne
1807 1965 1890 2030 hacc

303 2099 315 2137 a
341 2072 505 2159 inprovisa
527 2069 659 2134 veniens
682 2087 793 2132 omnes
804 2069 933 2153 -passim
949 2089 1029 2154 quos
1044 2069 1210 2155 inparatos
1225 2071 1392 2153 invenerit,
1409 2071 1562 2152 involvat,
1578 2068 1691 2135 Enoch
1708 2076 1742 2156 et
1755 2069 1888 2134 Heliam

343 2177 502 2241 maximos
531 2171 707 2260 prophetas
741 2177 775 2235 st
806 2170 954 2236 doctores
985 2178 1059 2236 ante
1087 2173 1180 2238 huius
1216 2180 1364 2238 exortum
1395 2180 1547 2240 venturos
1576 2175 1610 2238 in
1641 2173 1810 2257 mundum,
1835 2174 1891 2260 qui

342 2279 577 2345 Israhelitieam
599 2274 731 2362 plebem
755 2272 796 2339 ad
819 2274 894 2339 fidei
918 2283 1107 2341 convertant
1122 2278 1262 2362 gratiam
1277 2285 1374 2363 atque
1398 2278 1440 2342 ad
1456 2299 1640 2365 pressuram
1656 2279 1738 2343 tanti
1754 2277 1890 2341 turbinis

342 2385 375 2449 in
397 2388 489 2470 parte
513 2382 688 2445 electorum
711 2379 962 2464 insuperabilem
984 2379 1132 2447 reddent.
1178 2383 1232 2469 qui
1260 2403 1332 2447 cum
1362 2383 1425 2469 ipsi
1452 2384 1556 2469 primo
1579 2389 1645 2448 tres
1669 2383 1766 2448 semis
1789 2401 1890 2446 annos

343 2484 618 2574 praedicaverint,
643 2488 676 2547 et
703 2482 784 2546 sicut
813 2480 854 2546 ds
882 2502 945 2546 uno
970 2503 1082 2548 eorum
1104 2482 1203 2550 Helia
1223 2486 1384 2572 propheta
1413 2485 1589 2551 Malachiae
1611 2484 1790 2573 praedixit,
1814 2505 1890 2549 con·

293 2619 318 2658 ιο
343 2591 499 2657 verterint
515 2587 613 2654 corda
628 2593 756 2673 patrum
778 2586 811 2649 in
833 2585 925 2669 filios,
948 2585 1056 2671 idest,
1081 2589 1283 2675 antiquorum
1299 2588 1396 2654 fidem
1412 2589 1683 2677 dilectionemque
1708 2596 1891 2656 sanctorum

343 2697 377 2760 in
400 2715 511 2759 sorum
534 2692 588 2778 qui
612 2695 687 2755 tunc
710 2691 824 2755 victuri
847 2697 920 2754 sunt
942 2699 1051 2756 mento
1067 2694 1294 2778 plantaverint,
1311 2699 1387 2758 tunc
1403 2694 1643 2760 excandescens
1659 2695 1715 2760 illa
1730 2691 1891 2758 horrenda

342 2797 525 2886 persecutio
556 2797 644 2883 ipsos
670 2795 813 2881 inprimis
836 2795 970 2859 martirii
993 2796 1110 2861 virtute
1140 2805 1284 2862 coronet:
1317 2796 1392 2864 dein
1419 2805 1545 2864 ceteros
1576 2799 1690 2864 fideles
1713 2798 1890 2884 corripiens

261 2908 322 2969 601
343 2903 396 2969 vel
423 2907 582 2987 martyres
609 2896 727 2963 Christi
753 2899 998 2983 gloriosissimos
1026 2900 1079 2964 vel
1113 2899 1280 2966 damnatos
1310 2908 1476 2988 apostatas
1504 2902 1611 2967 faciat.
1662 2900 1758 2977 Quod
1789 2901 1889 2987 signi-

342 3006 439 3071 ficare
462 3003 589 3069 videtur
617 3001 783 3088 apostolus
811 3000 973 3066 Iohannes
995 3003 1041 3066 ita
1064 3005 1207 3070 scribens
1234 3006 1267 3069 in
1296 3006 1496 3092 apocalypsi:
1531 3007 1648 3071 atrium
1671 3013 1779 3071 autem
1803 3003 1891 3091 quod

344 3116 393 3176 est
416 3108 492 3173 foris
516 3107 672 3192 templum
697 3106 765 3170 eice
790 3105 876 3169 foras
900 3112 933 3169 et
954 3126 995 3170 ne
1018 3108 1162 3172 metieris
1185 3128 1270 3190 eum,
1294 3110 1446 3194 quoniam
1470 3108 1581 3174 datum
1604 3116 1654 3176 est
1670 3108 1831 3196 gentibus,
1856 3113 1889 3172 et

343 3215 506 3279 civitatem
529 3217 673 3276 sanctam
696 3208 867 3272 calcabunt
889 3209 1053 3274 mensibus
1078 3209 1182 3295 XLII,
1204 3211 1239 3275 id
1262 3219 1312 3276 est
1335 3233 1401 3294 eos,
1425 3214 1480 3299 qui
1501 3215 1631 3279 nominc
1656 3221 1749 3279 tenus
1773 3211 1887 3277 fideles

303 3347 314 3383 s
342 3319 412 3382 sola
443 3317 605 3382 exteriora
633 3313 783 3398 diligunt,
819 3313 859 3377 ab
888 3315 1065 3378 electorum
1098 3321 1183 3379 sorte
1211 3321 1380 3402 separatos
1408 3315 1556 3382 ostende:
1590 3317 1665 3402 quia
1694 3322 1727 3381 et
1754 3317 1816 3402 ipsi
1845 3312 1888 3378 ad

344 3419 603 3510 persequendam
620 3417 791 3483 ecclesiam
807 3423 1034 3482 convertentur
1049 3419 1222 3483 novissima
1237 3419 1293 3483 illa
1308 3421 1532 3505 persecutione
1549 3421 1644 3486 trium
1667 3420 1763 3484 semis
1787 3438 1888 3483 anno-

341 3547 423 3592 rum.
470 3530 503 3589 st
527 3522 623 3604 dabo,
645 3521 757 3606 inquit,
782 3520 908 3585 duobus
931 3520 1067 3585 testibus
1089 3522 1180 3603 meis,
1206 3527 1239 3586 et
1261 3523 1503 3610 prophetabunt
1527 3523 1642 3590 diebus
1666 3524 1753 3588 mille
1770 3519 1889 3587 OOLX

343 3629 452 3694 amicti
480 3627 597 3708 saccis,
625 3625 659 3691 id
689 3631 754 3707 est,
783 3625 948 3690 artissimis
983 3627 1198 3692 continentias
1229 3634 1263 3692 ct
1292 3649 1534 3714 praessuramm
1561 3629 1726 3694 laboribus
1754 3626 1889 3692 accincti

342 3731 586 3819 praedicabunt.
632 3735 665 3793 et
686 3729 784 3815 paulo
807 3735 894 3815 post:
920 3735 1048 3794 etcum
1072 3731 1228 3814 finierint,
1251 3731 1368 3818 inquit,
1398 3732 1618 3797 testimonium
1642 3753 1750 3815 suum,
1774 3730 1891 3813 bestia,

293 3863 316 3902 ιο
344 3857 428 3923 quas
458 3833 612 3901 ascendet
639 3832 680 3898 de
710 3832 845 3920 abysso,
875 3834 972 3898 faciet
995 3834 1149 3900 adversus
1171 3836 1243 3900 illos
1266 3835 1406 3918 bellum,
1437 3842 1470 3900 st
1492 3837 1600 3901 vincet
1630 3858 1686 3902 ecs
1711 3842 1744 3900 et
1766 3833 1893 3900 occidet

342 3941 415 4005 illos
438 3944 471 4003 et
494 3945 633 4004 caetera.
678 3937 794 4022 quibus
817 3937 976 4001 ministros
993 3938 1139 4003 eiusdem
1155 3938 1290 4018 bestiae,
1315 3937 1348 4002 id
1372 3944 1421 4004 est
1442 3939 1641 4022 Antichristi,
1666 3938 1706 4004 de
1730 3939 1891 4004 occisione

344 4045 458 4109 horum
482 4041 618 4107 duorum
642 4043 784 4124 testium,
807 4040 841 4106 id
864 4047 913 4106 est
935 4048 1126 4129 martyrum,
1153 4043 1330 4109 laetabuos
1355 4043 1542 4129 eisdemque
1566 4045 1664 4109 etiarn
1686 4043 1820 4109 mortuis
1842 4043 1891 4106 in-

263 4152 325 4214 602
345 4149 519 4213 sultaturos
549 4167 621 4212 esse
650 4152 883 4211 commemorat
913 4145 1000 4211 idern
1027 4147 1091 4211 alio
1118 4148 1205 4212 loco:
1242 4147 1286 4212 Et
1315 4147 1397 4231 vidi,
1425 4148 1542 4235 inquit,
1575 4147 1615 4213 de
1644 4149 1724 4213 mari
1753 4146 1892 4212 bestiam

344 4251 585 4334 ascendentem,
610 4259 643 4316 et
666 4250 756 4316 dedit
777 4252 823 4316 illi
839 4251 936 4317 draco
953 4253 1104 4317 virtutem
1127 4273 1218 4318 suam
1242 4259 1275 4318 et
1299 4259 1496 4340 potestatem
1519 4274 1681 4339 magnam,
1704 4252 1738 4317 id
1761 4257 1811 4316 est
1826 4250 1893 4316 vidi

343 4357 507 4422 hominem
535 4356 692 4421 sevissimi
722 4357 844 4442 ingenii
872 4356 912 4421 de
940 4359 1139 4423 tumultuosa
1167 4359 1338 4445 impiorum
1366 4360 1464 4446 stirpe
1488 4358 1713 4445 progenitum,
1744 4356 1794 4421 cui
1816 4376 1895 4420 mox

345 4465 422 4524 nato
446 4467 479 4524 et
500 4480 560 4546 per
582 4462 726 4546 magicas
749 4467 835 4525 artes
859 4481 879 4525 a
901 4463 1049 4548 pessimis
1070 4462 1183 4528 inbuto
1207 4463 1379 4549 magistris,
1403 4462 1582 4549 adiungens
1613 4480 1648 4525 ss
1672 4459 1819 4525 diabolus
1841 4465 1892 4524 to-

304 4590 316 4628 s
344 4569 412 4628 tam
433 4564 559 4628 virtutis
589 4584 667 4630 suae
695 4566 889 4651 potentiam,
918 4587 978 4652 per
1000 4588 1097 4653 quam
1119 4569 1247 4654 magica
1270 4569 1387 4634 ceteris
1410 4566 1558 4633 omnibus
1584 4567 1708 4630 maiora
1738 4568 1893 4651 patraret,

342 4666 525 4733 individuus
548 4688 656 4733 comcs
678 4669 795 4734 attulit.
841 4675 874 4733 et
897 4669 974 4735 data
997 4678 1056 4754 est,
1080 4672 1193 4757 inquit,
1216 4671 1262 4736 illi
1286 4677 1430 4758 potestas
1453 4670 1561 4735 facere
1584 4689 1714 4734 meuses
1729 4665 1835 4750 XLII,
1860 4665 1894 4730 id

342 4778 391 4836 est
423 4779 488 4837 tres
518 4793 618 4837 annos
648 4779 682 4837 et
709 4773 885 4839 dimidium.
938 4796 1089 4861 percusso
1117 4781 1228 4840 autem
1255 4775 1310 4839 illo
1340 4773 1530 4860 perditionis
1558 4773 1623 4837 filio
1652 4773 1720 4837 sive
1749 4770 1790 4835 ab
1823 4771 1894 4855 ipso

344 4875 474 4940 domino
497 4877 564 4942 sive
587 4897 608 4941 a
629 4876 812 4942 Michahele
835 4879 1041 4964 archangelo,
1066 4886 1102 4943 ut
1125 4879 1256 4966 quidam
1279 4879 1412 4962 docent,
1443 4883 1477 4943 et
1499 4882 1634 4941 aeterna
1656 4876 1780 4941 ultione
1804 4873 1894 4938 dam-

344 4987 432 5063 nato,
456 5002 521 5047 non
544 4982 695 5047 continuo
719 4981 788 5046 dies
810 4981 920 5048 iudicii
943 4990 1109 5048 secuturus
1126 5005 1197 5049 esse
1214 4981 1395 5049 credendus
1412 4987 1478 5047 est:
1502 4980 1646 5066 alioquin
1661 4979 1743 5043 scire
1758 4983 1894 5064 possent

292 5111 317 5150 ιο
343 5085 489 5151 homines
511 5086 598 5151 illius
621 5089 672 5151 evi
694 5093 822 5172 ternpus
845 5087 970 5170 iudicii,
993 5089 1019 5152 si
1042 5095 1115 5174 post
1137 5095 1203 5153 tres
1233 5089 1330 5153 semis
1360 5108 1461 5152 annos
1483 5086 1635 5150 inchoate
1657 5082 1892 5170 persecutionis

344 5242 425 5295 FHO

343 5344 422 5411 599,t
441 5344 504 5415 qua]
523 5346 627 5413 quicr'
692 5348 748 5413 qui]
767 5348 830 5413 quid
842 5347 870 5398 F
947 5360 971 5399 ro
988 5345 1044 5415 qni]
1062 5348 1166 5416 quidF
1241 5362 1264 5401 ιι
1283 5349 1348 5400 illud
1365 5344 1461 5414 anam]
1481 5343 1584 5398 illudl7
1658 5356 1682 5396 ιι
1699 5351 1745 5396 aut
1762 5339 1848 5410 negat]
1869 5351 1897 5395 at

241 5432 326 5487 ιι.Ιῖι
413 5431 492 5498 600,ι
512 5433 653 5486 lxuiiiHO
722 5434 830 5487 aaran
896 5437 1040 5488 afuturam
1054 5436 1099 5487 Η2
1169 5435 1385 5488 roonuertatF⁸
1437 5431 1655 5502 processuramF
1721 5443 1745 5481 11
1764 5431 1790 5481 in
1809 5445 1896 5482 sorum

240 5538 287 5572 orn.
302 5518 331 5570 F
380 5531 405 5570 ιι
422 5520 574 5573 deindsFO
643 5519 724 5587 601,5
743 5521 916 5591 separatosH
922 5522 931 5553 ¹
984 5524 1135 5576 ostanditF
1183 5521 1454 5591 spersseutionsmF
1503 5519 1570 5588 alx]
1588 5517 1655 5570 xla*
1704 5530 1730 5569 ro
1747 5517 1902 5570 ascenditF

275 5607 358 5658 uincit
372 5605 406 5657 Η
410 5607 419 5638 ¹
485 5609 577 5661 occidit
591 5605 651 5659 ΙιἮ
656 5608 664 5638 ¹
735 5621 759 5660 ιι
777 5611 943 5676 eiusdemque
960 5607 993 5660 H
995 5610 1004 5643 ¹
1076 5611 1135 5678 ralis
1153 5608 1372 5663 insultatorssF¹
1462 5605 1542 5673 6024
1560 5607 1656 5658 malcas
1668 5603 1703 5654 Η
1705 5605 1713 5637 ¹
1784 5605 1900 5657 amaica

241 5692 480 5760 liturgicarum
546 5693 714 5747 τιίΙίιιιιιΕι
784 5695 974 5762 saliquinH¹
