4634 6286
403 373 444 437 88
741 364 1001 422 nstsuvnnsvn
1020 364 1154 419 ottone
1173 363 1463 419 ouuaauluanvu
1483 363 1719 420 FRAGMENTA.

404 541 601 608 tendentem.
648 543 769 607 habent
793 543 912 628 quippe
936 538 1121 604 sacerdotes
1145 547 1179 604 et
1202 540 1347 625 episcopi
1370 539 1546 604 terribilem
1570 537 1720 618 iudicem,
1745 539 1796 602 cui
1819 539 1969 624 pertinet.
1993 559 2057 602 non

403 647 505 724 nobis,
530 646 571 712 de
594 647 712 712 illisio
734 653 871 732 utroque
895 645 1026 710 saeculo
1050 643 1203 710 iudicare.

508 761 580 812 Cant.
591 764 659 826 p.56
669 759 742 824 (inde
753 757 795 825 87,
805 758 839 812 36
857 759 938 811 abbas
956 797 961 809 .
977 796 1001 810 ..
1022 757 1036 809 l
1055 759 1202 810 tendentem
1219 762 1284 822 39,9
1302 766 1324 810 et
1340 758 1519 820 treviru.39,6
1531 753 1580 822 [cs.
1594 755 1718 808 namen
1734 757 1822 808 (luch.
1836 757 1880 809 du
1892 757 1952 809 toa.
1967 756 2059 808 Rechts

404 844 514 916 1,840},·
535 847 544 899 l
565 848 660 899 habent
744 844 760 897 2
778 847 891 898 iudicare
910 845 972 898 Hit.
991 852 1013 908 1,
1027 845 1099 911 rab)

248 956 393 1006 ⁰'“¹·²⁷›¹⁷·
409 949 461 1014 VI.
506 949 628 1015 Grildes.
654 989 694 998 -
718 948 911 1014 Maledictus
936 949 989 1034 qui
1011 949 1163 1014 transfert
1186 949 1340 1014 terminos
1362 949 1415 1013 vel
1438 947 1577 1033 proximi
1599 947 1657 1010 sui.

238 1071 257 1109 1·
272 1067 321 1108 vor·
333 1069 393 1118 ⁷‚2t-
505 1054 732 1141 Unusquisque
752 1059 943 1139 penuaneat
964 1054 997 1117 in
1019 1074 1069 1135 eo,
1090 1054 1122 1116 in
1146 1073 1210 1139 quo
1226 1059 1358 1118 vocatus
1376 1059 1425 1118 est
1441 1050 1526 1138 apud
1543 1048 1661 1126 deum',
1678 1055 1714 1113 ut
1729 1070 1789 1114 nec
1805 1051 1974 1136 primarius
1995 1051 2057 1114 nisi

402 1161 567 1224 voluntate
584 1165 726 1224 mutetur
743 1158 960 1223 subiectomm
977 1179 1082 1244 neque
1096 1158 1259 1222 subiectus
1275 1157 1343 1222 sine
1356 1157 1490 1221 senioris
1503 1156 1635 1220 oonsilio
1652 1156 1759 1220 locum
1775 1154 1889 1240 prioris
1902 1154 2057 1219 obtineat.
2100 1170 2112 1206 ⁵

238 1274 392 1324 Μῦν-1223-
508 1261 599 1336 Quae
624 1269 697 1328 sunt
719 1263 855 1327 honesta
878 1267 996 1342 nostra,
1020 1261 1070 1326 his
1092 1261 1248 1326 honorem
1271 1260 1538 1326 abundantiorem
1563 1257 1806 1324 circumdamus.

240 1378 316 1420 secr.
331 1379 392 1470 ης.
505 1364 653 1432 Iudicate
678 1387 757 1452 ergo
781 1366 858 1430 eatis
882 1365 1009 1430 salubre
1038 1372 1088 1430 est
1119 1366 1281 1431 subiectos
1310 1365 1470 1451 episcopis
1494 1363 1742 1449 abbatibusque,
1769 1383 1903 1448 quorum
1927 1364 2058 1448 sangui·

238 1458 486 1542 namraalnem,
510 1471 536 1533 si
560 1491 616 1534 eos
637 1491 703 1534 non
725 1471 809 1534 bene
833 1476 980 1554 regnant,
1004 1468 1045 1532 de
1071 1469 1217 1533 manibus
1240 1470 1383 1555 requiret
1406 1468 1569 1532 dominus:
1594 1465 1841 1531 inoboedientes
1861 1487 1938 1531 vero
1954 1468 2056 1553 patri-

402 1573 463 1639 bus
485 1576 547 1639 sint
570 1575 651 1639 sicut
673 1575 811 1660 gentiles
835 1579 869 1638 ct
890 1573 1068 1659 publicani;
1093 1580 1127 1638 et
1142 1574 1290 1638 omnibus
1312 1573 1495 1638 hominibus
1516 1579 1582 1636 tam
1598 1571 1690 1636 bonis
1706 1591 1802 1656 quam
1818 1568 1912 1634 malis
1927 1577 2059 1656 praeter

382 1690 477 1742 tsuos
500 1678 662 1743 subiectos
685 1676 764 1742 illud
787 1678 942 1764 apostoli:
968 1678 1191 1742 existimantes
1214 1699 1326 1743 omues
1348 1677 1505 1756 homines,
1527 1676 1585 1741 rel.
2089 1693 2113 1730 ιο

271 1775 392 1870 '‘ffljssj
506 1781 660 1846 Pervenit
690 1780 770 1846 illud
797 1782 950 1848 iudicium
978 1805 1036 1869 pro
1065 1783 1188 1847 incerto
1217 1783 1306 1846 exitu
1330 1781 1431 1858 vitae,
1459 1781 1608 1865 legentes
1640 1778 1672 1842 in
1696 1777 1851 1863 scriptura
1874 1779 2057 1862 apostolum

402 1883 564 1971 perditum
588 1885 763 1972 cupiditate
788 1894 821 1952 et
842 1889 1003 1952 latronem
1026 1887 1226 1951 confessione
1250 1887 1283 1950 in
1305 1884 1489 1972 paradisum
1514 1885 1713 1949 translatum.

508 2000 580 2051 Cant.
594 2017 624 2065 p.
637 2005 670 2053 57
685 1999 757 2064 (inde
775 1997 792 2052 4
810 2002 987 2067 unnsquisque
1008 2038 1054 2051 ...
1073 1997 1090 2052 5
1107 2000 1223 2052 obtineat
1239 1999 1301 2050 Ha.
1319 2001 1411 2064 37,31)

401 2101 476 2166 VII.
522 2102 616 2168 Item.
641 2139 680 2150 -
705 2101 947 2188 Conepiscopos
970 2107 1080 2166 autem
1104 2107 1138 2165 et
1161 2101 1359 2167 conabbates
1381 2121 1441 2166 nec
1465 2121 1529 2166 non
1563 2101 1789 2166 consubieetos
1818 2121 1884 2164 non
1915 2098 2058 2164 iudicare

402 2206 516 2270 melius
543 2212 602 2270 est.
658 2207 821 2270 lactentes
848 2226 925 2270 vero
956 2205 1088 2270 alicuius
1123 2226 1262 2291 nequam
1302 2206 1389 2270 fama
1421 2213 1536 2292 putare
1569 2207 1656 2270 nullo
1687 2204 1785 2270 modo
1818 2203 1860 2269 ad
1896 2205 2060 2289 integrum

403 2316 553 2394 arguent,
582 2308 640 2373 sed
666 2310 785 2373 leniter
814 2310 982 2394 increpent
1013 2330 1084 2374 curn
1108 2311 1279 2396 patientia:
1313 2332 1393 2396 quoa
1417 2332 1474 2397 pro
1497 2310 1692 2375 conscientia
1714 2317 1750 2375 ut
1771 2309 1912 2394 possint,
1937 2307 2059 2372 debent
2088 2325 2112 2364 1⁵

403 2414 494 2499 quasi
528 2419 694 2500 suspectos
724 2413 825 2478 vitare
859 2434 920 2478 nec
955 2420 1065 2478 tamen
1098 2420 1134 2478 ut
1167 2435 1240 2478 reos
1269 2416 1675 2480 vercsexcommunicare
1707 2421 1741 2478 et
1763 2433 1876 2478 mensa
1898 2413 1951 2477 vel
1974 2433 2056 2498 pace

402 2538 531 2598 arcere,
561 2538 633 2581 oum
667 2519 749 2582 ratio
783 2518 891 2604 aliqua
922 2519 1123 2583 necessitatis
1150 2525 1206 2582 aut
1236 2525 1412 2584 conventus
1441 2518 1494 2582 vel
1524 2519 1694 2584 locutionis
1726 2517 1891 2602 exegerit,
1915 2515 1973 2580 sed
1995 2516 2059 2580 illis

403 2621 624 2700 denuntietur,
655 2620 743 2706 quod
771 2642 835 2686 non
862 2628 951 2686 recte
983 2627 1098 2707 agant,
1130 2624 1205 2708 quie
1233 2644 1298 2687 nou
1325 2643 1495 2709 possumus
1519 2644 1575 2688 eos
1606 2644 1663 2708 pro
1687 2623 1749 2687 hoo
1772 2620 1936 2686 damnare.
1982 2620 2059 2686 dum

238 2723 640 2827 ¹·00r415333100mmunieant
661 2726 707 2790 illi
729 2723 876 2810 indigne,
900 2725 983 2789 iorte
1006 2746 1066 2789 nos
1094 2747 1154 2811 per
1177 2727 1391 2812 cogitationes
1413 2727 1517 2791 malas
1541 2726 1751 2791 daemonibus
1774 2726 2057 2790 communicamus.

403 2849 483 2915 quos
507 2849 583 2894 vero
606 2828 723 2893 scimus
747 2829 815 2892 sine
838 2829 904 2893 ulla
927 2827 1128 2894 dubitatione
1151 2851 1223 2895 esse
1246 2830 1467 2912 fornicatores,
1490 2831 1550 2895 nisi
1564 2831 1710 2915 legitimo
1727 2829 1838 2894 ordine
1855 2829 2053 2915 poeniteant,
2085 2842 2111 2882 ²⁰

238 2952 258 2992 1.
270 2949 320 2992 cor.
331 2953 351 3000 a,
361 2953 422 2997 ma
444 2953 526 3017 pace
550 2938 584 2996 et
606 2952 734 3010 mensa,
761 2933 988 3019 cuiuscumque
1012 2932 1131 2998 ordinis
1152 2933 1298 3019 legitime
1323 2935 1465 3017 fuerunt,
1490 2956 1647 3000 arcemus.
1692 2940 1727 2998 ut
1755 2939 1804 2998 est
1827 2932 1905 2998 illud
1930 2932 2058 3017 ‘siquis

403 3039 504 3102 irater
519 3036 702 3101 nominetur
725 3042 759 3100 et
782 3042 831 3100 est
846 3037 1028 3119 fornicator,
1046 3037 1104 3102 rel.
1143 3045 1175 3102 et
1191 3043 1325 3123 propter
1340 3037 1565 3123 principalium
1581 3037 1732 3102 vitiorum
1753 3057 1866 3102 causas
1891 3035 2060 3101 evidenter

402 3141 573 3228 probatas,
601 3142 689 3206 nulla
717 3142 781 3206 aha
803 3141 928 3206 ratione
953 3140 1110 3207 debemus
1133 3142 1250 3206 iratres
1273 3163 1292 3204 a
1315 3141 1603 3206 communicatione
1635 3139 1745 3205 altaris
1773 3146 1807 3204 at
1829 3159 1961 3206 memes
1985 3160 2057 3204 cum

403 3253 531 3333 tempus
554 3247 750 3332 poposcerit,
773 3265 894 3310 arcere.

508 3361 582 3412 Oeae.
598 3377 625 3426 p.
641 3364 673 3412 58
691 3358 763 3426 (iude
783 3357 815 3411 1³
833 3361 1015 3427 conspiscopos
1102 3356 1133 3410 14
1152 3359 1244 3410 melius
1263 3367 1302 3410 est
1320 3359 1383 3410 Hit.
1402 3365 1424 3422 1,
1434 3364 1474 3424 16,
1483 3359 1508 3425 c)

404 3459 496 3525 VIII.
542 3461 665 3527 Gildas.
692 3499 732 3510 -
755 3461 885 3526 Veritas
910 3463 1048 3547 sapienti
1071 3462 1163 3543 nitet,
1187 3460 1415 3546 cuiuscumque
1439 3483 1494 3527 ore
1518 3463 1615 3528 fuerit
1635 3464 1773 3550 prolata.

511 3577 583 3627 Garat
600 3592 628 3641 p.
646 3580 678 3628 34
696 3594 750 3628 aare
767 3576 833 3627 iuter
852 3576 1066 3641 dilaceratum
1085 3573 1156 3638 (inde
1174 3575 1235 3626 flio.
1251 3575 1328 3640 221)

987 3719 1291 3786 FRAGMENTA
1313 3720 1477 3786 DVBIA.

280 3831 345 3873 Neu·
359 3835 391 3875 ¹²·
403 3825 463 3890 IX.
503 3825 625 3891 Gildas.
639 3863 680 3872 -
691 3825 910 3890 Adsentiente
926 3823 1039 3888 Aaron
1054 3824 1086 3887 in
1103 3823 1262 3910 culpando
1279 3823 1392 3912 Moyse
1410 3833 1544 3912 propter
1560 3847 1695 3891 uxorem
1710 3826 1952 3914 Aethiopissam
1968 3828 2059 3913 lepra

403 3930 507 3995 Maria
539 3929 723 3994 damnatur:
761 3929 847 4016 quod
876 3928 969 3993 nobis
1005 3927 1199 4012 timendum,
1236 3929 1289 4014 qui
1324 3929 1417 3994 bonis
1450 3931 1647 4017 principibus
1687 3929 1885 3996 detrahimus
1925 3939 2059 4017 propter

404 4031 584 4098 mediocres
609 4033 728 4119 culpes.

508 4138 569 4189 Hit.
582 4141 621 4202 37,
633 4140 681 4200 ab

404 4241 446 4306 X.
492 4240 586 4306 Item.
611 4279 651 4288 -—
674 4240 759 4305 Navi
781 4239 893 4322 fracta,
919 4240 973 4327 qui
995 4245 1104 4326 potest
1125 4247 1248 4322 natare,
1271 4247 1371 4306 natet.
2087 4257 2113 4300 so

508 4354 569 4407 Hit.
583 4359 652 4418 39st
667 4352 837 4421 (praecedunt
855 4353 973 4406 Gildone
991 4371 1073 4420 supro
1091 4371 1111 4405 c.
1128 4353 1184 4422 NJ

404 4457 464 4522 XI.
511 4456 624 4522 Gildas
643 4459 696 4523 eit.
721 4496 763 4507 -
786 4457 951 4524 Brittones
974 4463 1042 4524 tcto
1059 4458 1179 4523 mundo
1203 4460 1364 4541 contrarii,
1386 4459 1529 4524 moribus
1552 4457 1706 4524 Romanis
1728 4459 1847 4525 inimici
1869 4481 1933 4525 nou
1956 4461 2059 4524 solum

403 4564 435 4627 in
458 4563 572 4640 missa,
604 4560 661 4626 sed
685 4564 784 4628 etiam
806 4563 839 4626 in
861 4570 994 4628 tonsura
1017 4583 1089 4627 cum
1112 4562 1243 4628 Iudaeis
1265 4562 1398 4628 umbrae
1422 4565 1526 4648 magis
1550 4565 1729 4628 futurorum
1760 4564 1939 4629 servientes
1963 4583 2058 4650 quam

404 4666 542 4730 veritati.
588 4665 728 4731 Romani
745 4665 867 4731 dicunt:
891 4667 1074 4732 Brittonum
1091 4674 1221 4732 tonsura
1243 4688 1263 4732 a
1286 4666 1417 4734 Simone
1433 4690 1529 4754 mogo
1545 4669 1718 4754 sumpsisse
1735 4668 1903 4734 exordium
1919 4668 2058 4747 tradunt,

403 4772 492 4836 cuius
516 4776 648 4836 tonsura
671 4770 711 4836 de
735 4791 813 4835 aure
837 4771 879 4836 ad
902 4793 1013 4836 aurem
1037 4778 1161 4836 tantum
1186 4772 1396 4858 contingebat
1418 4793 1476 4858 pro
1493 4773 1689 4837 excellentie
1709 4773 1779 4858 ipsa
1795 4793 1964 4857 magorum
1987 4777 2059 4836 tou-

402 4895 511 4958 surae,
542 4895 606 4961 qua
635 4875 703 4940 sola
734 4876 821 4941 irone
851 4877 994 4941 anterior
1022 4877 1088 4962 tegi
1112 4877 1248 4941 solebat.
1295 4877 1435 4962 priorem
1462 4882 1571 4941 autem
1601 4883 1766 4941 auctorem
1790 4875 1883 4940 huius
1907 4881 2058 4942 tonsurae
2086 4909 2113 4950 ³5

402 4981 434 5043 in
457 4978 617 5043 Hibernia
640 4980 808 5046 subulcum
832 4981 917 5066 regis
941 4979 1084 5064 Loigairi
1108 4979 1164 5044 lilii
1187 4978 1273 5043 Neili
1298 4981 1443 5044 extitisse
1468 4979 1599 5044 Potrioii
1623 5001 1728 5043 sermo
1753 4985 1905 5056 testatur;
1929 5001 1971 5044 ex
1995 5000 2058 5065 quo

402 5082 625 5146 Hibernenses
648 5104 752 5167 paene
778 5105 890 5148 omnes
913 5083 996 5148 hanc
1021 5089 1186 5148 tonsuram
1210 5089 1424 5168 sumpserunt.

506 5186 567 5238 Hit.
579 5189 622 5250 62,
635 5191 652 5238 6
1022 5197 1025 5202 ’

762 5274 813 5282 ,...-

510 5323 523 5376 l
542 5323 648 5392 hebent]
666 5327 750 5392 gildas
767 5327 804 5377 sit
821 5326 846 5376 h.
860 5327 892 5378 H
992 5324 1008 5376 3
1026 5323 1119 5394 gildas]
1133 5326 1166 5376 H
1180 5324 1251 5392 (onte
1268 5323 1284 5376 4
1303 5325 1503 5392 unusquisque),
1521 5325 1604 5378 ormo
1705 5324 1720 5377 4
1740 5327 1766 5376 in
1784 5343 1835 5392 quo
1853 5343 1909 5378 uoc.
1929 5335 1968 5380 est
1984 5328 2012 5380 in
2030 5345 2061 5380 eo

402 5431 482 5482 perm.
496 5412 528 5463 H
593 5413 662 5480 apud
680 5415 756 5466 deum
775 5429 824 5464 orn.
837 5411 871 5463 Η
935 5411 993 5481 nec]
1011 5413 1082 5465 net)
1187 5410 1455 5478 5subiectcru1an,
1474 5413 1627 5465 subiectctl
1688 5409 1781 5478 neque]
1801 5413 1895 5464 necH
1952 5411 2060 5481 sine]0,

402 5497 498 5552 nisiH
598 5497 752 5567 bhcuesta]
771 5501 908 5552 inhonesta
927 5500 1028 5551 Paulus
1090 5499 1308 5551 habuutioremO
1410 5496 1687 5565 retenimento
1753 5505 1840 5550 autern
1858 5499 1950 5550 cml]
2012 5516 2061 5552 nee

402 5604 454 5638 non
472 5582 663 5652 consubiectos]
677 5585 712 5652 H,
730 5595 757 5639 et
773 5603 826 5637 nou
845 5585 1011 5638 subiectosO
1133 5581 1164 5635 14
1182 5587 1250 5636 lama
1273 5582 1373 5651 putare]
1398 5585 1509 5647 fortusse
1532 5587 1615 5637 lamae
1638 5586 1718 5636 fetore
1840 5583 1873 5636 lb
1891 5586 2064 5653 increpantG

437 5679 468 5725 ut
485 5668 593 5740 possint]
605 5673 723 5739 sortasse
741 5679 849 5740 possunt
941 5669 973 5722 16
991 5670 1161 5739 susceptosO
1256 5667 1290 5721 22
1307 5670 1487 5722 iomicaturO
1578 5669 1801 5723 Ibodacrffletr.
1822 5670 2060 5736 (immolabamus

402 5777 441 5826 sp.
454 5763 477 5824 1,
489 5763 514 5823 2,
529 5758 585 5824 21)ε
603 5759 631 5808 in
649 5759 760 5810 ueritate
778 5758 940 5811 mendacium
958 5773 1101 5823 numquam
1119 5763 1159 5808 est
1175 5754 1241 5807 iso
1308 5755 1371 5821 prol.
1389 5757 1466 5807 luerit
1478 5754 1513 5805 Η
