4598 6300
797 1323 875 1417 IV.
918 1323 1388 1418 ARTHVRIANA.

380 1548 603 1615 HISTORIA
626 1550 918 1650 BRIYTONVM.
1213 1552 1426 1620 NENNIVS
1447 1553 1748 1621 INTERPRETA
1756 1555 1850 1622 YVS.

212 1679 246 1732 56
329 1673 369 1738 In
391 1674 446 1738 illo
463 1681 611 1761 tempore
629 1675 777 1741 Saxones
795 1678 1040 1742 invalescebant
1218 1677 1298 1744 Post
1335 1683 1472 1743 mortem
1510 1677 1732 1766 Guorthigimi
1768 1677 1916 1744 Saxones

261 1778 295 1841 in
309 1777 513 1843 multitudine
531 1785 565 1843 et
581 1780 771 1845 crescebant
793 1781 827 1844 in
847 1780 1038 1845 Brittannia.
1141 1802 1239 1866 super
1276 1780 1448 1846 Britannos
1485 1783 1684 1848 invalescere
1727 1788 1915 1868 coeperunt.

263 1886 391 1945 mortuo
415 1886 524 1947 autem
547 1882 709 1968 Hengieto
734 1883 841 1949 Octha
862 1885 945 1949 filius
969 1885 1037 1949 eius
1142 1884 1248 1950 Octha
1271 1885 1353 1949 lilius
1375 1885 1528 1970 Hengisti
1556 1905 1692 1970 regnum
1720 1907 1832 1950 eorum
1856 1886 1915 1950 ob-

263 1986 408 2050 transivit
431 1983 471 2049 de
496 1986 646 2050 sinistrali
669 1992 761 2072 parte
786 1987 971 2052 Britanniae
995 1986 1038 2051 ad
1143 1989 1245 2053 tinuit.
1301 1989 1506 2054 nihilominus
1540 1989 1663 2053 Arthur
1698 1996 1731 2054 et
1765 1988 1915 2054 Britones

225 2104 237 2142 ⁵
264 2108 398 2173 regnum
431 2087 605 2154 Cantorum
637 2097 670 2154 et
699 2089 739 2154 de
769 2093 839 2176 ipso
873 2093 934 2156 orti
964 2097 1037 2155 sunt
1102 2113 1113 2152 a
1142 2099 1254 2157 contra
1286 2093 1359 2157 illos
1394 2093 1521 2157 fortiter
1551 2094 1741 2180 pugnabant
1769 2098 1803 2157 et
1835 2091 1915 2156 duo·
1971 2125 1972 2128 ¹

263 2211 359 2277 reges
383 2192 568 2257 Cantorum.
615 2199 689 2257 tunc
719 2193 842 2258 Arthur
870 2196 1038 2280 pugnabat
1141 2195 1247 2260 decim
1270 2196 1358 2261 bella
1386 2218 1459 2261 curn
1490 2197 1536 2261 eis
1565 2199 1733 2262 commisit.
1778 2197 1916 2283 primum

262 2303 372 2360 contra
401 2296 474 2359 illos
504 2296 536 2360 in
564 2297 626 2360 illis
661 2296 775 2361 diebus
805 2319 877 2362 cum
907 2299 1038 2384 regibus
1140 2300 1263 2364 bellum
1292 2300 1324 2364 in
1355 2301 1437 2363 ostio
1462 2297 1631 2386 (fluminis)
1659 2300 1771 2376 Glein;
1801 2321 1916 2365 secun-

261 2397 455 2480 Brittonum,
480 2398 539 2463 sed
560 2401 629 2486 ipse
654 2399 720 2464 dux
741 2407 811 2465 erat
826 2402 986 2467 bellorum
998 2402 1033 2487 ¹).
1143 2402 1220 2468 dum
1249 2409 1282 2468 et
1314 2403 1444 2467 tertium
1472 2409 1506 2468 et
1535 2411 1683 2489 quartum
1714 2411 1748 2468 ct
1771 2404 1916 2490 quintum

262 2503 401 2587 primum
434 2503 557 2567 bellum
592 2504 652 2568 fuit
684 2505 717 2567 in
750 2505 867 2570 ostium
899 2508 1037 2571 fluminis
1141 2527 1241 2593 super
1263 2507 1367 2592 ripam
1389 2508 1527 2571 fluminis
1555 2506 1729 2592 Dubglass.
1788 2513 1916 2572 sextum

215 2623 239 2661 ¹⁰
265 2605 352 2692 quod
375 2605 490 2671 dicitur
505 2606 611 2672 Glein.
649 2608 825 2672 secundum
849 2616 882 2674 et
906 2611 1036 2675 tertium
1092 2631 1115 2668 ιο
1141 2611 1263 2676 bellum
1293 2631 1390 2696 super
1423 2610 1527 2697 ripam
1550 2610 1680 2676 Bassas.
1743 2612 1916 2697 septimum

264 2717 297 2776 et
313 2717 465 2797 quartum
482 2716 516 2776 et
528 2713 674 2798 quintum
690 2732 789 2797 super
803 2714 891 2779 aliud
906 2715 1035 2797 flumen,
1141 2714 1262 2779 bellurn
1285 2713 1318 2778 in
1340 2715 1421 2778 silva
1442 2712 1617 2797 Calidonia,
1639 2714 1674 2779 id
1696 2722 1746 2780 ast
1766 2715 1828 2780 (lat
1844 2713 1918 2779 (loit

263 2814 351 2901 quod
379 2814 495 2879 dicitur
523 2815 672 2901 Dubglas
702 2823 735 2880 et
763 2822 813 2880 eet
840 2818 872 2881 in
902 2820 1035 2904 regione
1142 2815 1288 2881 Oelidon.
1316 2823 1466 2882 octavum
1483 2818 1605 2883 bellum
1618 2819 1651 2883 in
1668 2820 1801 2884 castello
1814 2818 1915 2884 Guiu-

262 2918 405 2982 Linnuis.
461 2924 591 2984 sextum
621 2920 743 2985 bellum
777 2940 874 3005 super
906 2921 1035 3005 flumen,
1141 2921 1233 3000 aion,
1264 2921 1297 2984 in
1329 2941 1391 3006 quo
1422 2921 1545 2986 Arthur
1571 2923 1712 3008 portarit
1741 2923 1916 3007 imaginem

256 3022 350 3109 quod
372 3028 506 3087 vocatur
520 3021 650 3088 Baseas.
695 3024 866 3108 septimum
889 3023 949 3088 fuit
965 3026 1036 3091 bel·
1141 3023 1266 3088 Mariae
1280 3045 1378 3111 super
1389 3024 1541 3090 humeros
1557 3046 1632 3090 suos
1649 3031 1683 3090 et
1698 3027 1817 3112 pagani
1832 3028 1918 3091 rarsi

211 3141 234 3180 ¹⁵
261 3128 328 3191 lum
356 3128 388 3190 in
417 3126 498 3209 silva
528 3123 707 3208 Calidonia,
738 3126 772 3191 id
800 3133 850 3192 est
878 3126 940 3192 (lat
963 3128 1037 3193 (loit
1090 3139 1113 3186 is
1141 3132 1214 3191 sunt
1235 3127 1268 3190 in
1291 3127 1410 3213 lugam.

263 3229 408 3296 Oelidon.
430 3207 602 3320 &clavum
625 3231 686 3296 fuit
708 3231 828 3295 bellum
852 3229 885 3293 in
901 3231 1034 3295 castello

263 3333 442 3417 Guinnion‚
465 3334 498 3398 in
521 3355 583 3420 quo
607 3333 730 3398 Arthur
757 3333 898 3420 portavit
919 3334 1035 3419 imagi-

368 3561 632 3625 occursurae

364 3685 440 3737 SIN:
460 3683 671 3747 liuualehantQ
739 3680 1456 3749 ainmulotudine(magmtm.s1b¹)om.01>an1³q
1504 3679 1700 3748 atoreacehant]
1714 3701 1766 3734 non
1779 3683 1876 3735 modica
1885 3682 1915 3747 P,

261 3771 508 3824 etcr.nonmodice
519 3769 642 3834 ODGLQ
710 3768 827 3822 dautem
842 3787 890 3821 ont.
900 3767 962 3819 ΜΝ
1007 3769 1083 3820 ochta
1092 3766 1221 3828 ODGLR
1239 3766 1373 3832 octbtallI,
1391 3767 1507 3820 ottbaN
1571 3766 1731 3835 4trausiuit]
1744 3770 1850 3822 aduenit
1860 3756 1921 3822 ΜΝ

261 3855 414 3925 bragnani]
433 3875 519 3926 regem
533 3856 681 3921 ODGLPQ
731 3853 874 3922 cantorum]
887 3854 924 3920 Η,
943 3855 1086 3906 cantiorum
1098 3852 1133 3912 K,
1152 3854 1346 3906 cantuariorum
1358 3852 1565 3918 ODGLNNPQ
1620 3862 1647 3906 et
1664 3855 1695 3908 de
1715 3857 1769 3923 ipso
1788 3857 1839 3908 orti
1856 3865 1918 3909 aunt

262 3959 335 4011 reges
353 3952 485 3996 cantorum
505 3941 658 4008 (cantiorum
669 3942 703 3993 H
704 3943 750 4008 ἱΝ,
768 3943 839 3994 illius
857 3941 957 4010 patriae
967 3937 1134 4006 aucupen
1158 3947 1183 3992 et
1206 3940 1237 3991 de
1260 3940 1316 4006 ipso
1340 3956 1428 3992 omnes
1452 3957 1527 4008 reges
1551 3943 1744 3993 cantuariorum
1763 3942 1918 4011 (camparic-

261 4047 318 4083 rum
328 4030 374 4094 Μ)
397 4047 480 4097 usque
503 4031 531 4081 in
553 4031 686 4083 odiernum
710 4032 777 4082 diem
792 4029 853 4081 ΜΝ
958 4027 1056 4081 titano
1081 4027 1140 4092 (om.
1155 4026 1311 4092 ODGLPQ)
1335 4027 1427 4079 arthur
1450 4026 1534 4092 (artur
1544 4027 1655 4094 ΟΜΝ,
1679 4039 1782 4082 arturus
1791 4030 1849 4096 PQ)

262 4115 278 4168 7
297 4118 388 4170 diebus
406 4118 514 4181 (scilicet
531 4134 642 4170 saxones
667 4119 715 4169 ina.
726 4117 756 4182 P,
779 4117 900 4168 uidelicet
918 4133 1028 4168 saxones
1045 4112 1235 4178 amovebo)
1253 4131 1313 4166 eum
1331 4132 1352 4166 r.
1370 4111 1419 4180 ba]
1438 4122 1502 4166 tunc
1521 4115 1629 4183 belliger
1647 4117 1738 4168 arthur
1754 4133 1814 4168 cum
1832 4117 1917 4170 militi·

262 4205 311 4255 bus
329 4204 493 4270 hryttsnniae
510 4213 587 4271 atquo
606 4206 710 4273 regibus
728 4211 818 4256 contra
836 4203 894 4255 illos
912 4203 1044 4270 pugnabat
1054 4201 1115 4252 MN
1180 4199 1198 4253 8
1215 4201 1259 4253 aed
1276 4201 1331 4268 ipse
1349 4201 1404 4253 dux
1421 4210 1477 4254 crat
1493 4199 1630 4268 bellorum]
1648 4211 1675 4254 et
1692 4203 1752 4256 licet
1770 4203 1844 4255 multi
1862 4205 1917 4271 ipso

262 4289 401 4342 nobiliores
418 4299 504 4343 essent
521 4291 575 4359 ipse
592 4299 678 4344 tamen
696 4291 832 4342 duodecies
850 4290 903 4341 dux
920 4289 983 4342 belli
1001 4289 1051 4340 snit
1068 4289 1202 4354 uictorque
1219 4286 1347 4339 bellorum
1359 4287 1420 4337 MN
1537 4284 1554 4339 9
1573 4290 1624 4340 luit
1647 4289 1674 4340 in
1692 4290 1785 4342 ostium
1804 4293 1829 4341 fl.
1849 4292 1917 4357 qnod

263 4374 318 4441 (qui
330 4373 362 4440 Q)
381 4377 476 4428 dicitur
499 4378 569 4445 gisia
588 4377 666 4445 (glem
678 4377 808 4443 ODGLP,
831 4394 892 4444 gem
909 4373 952 4443 Ol]
977 4383 1066 4428 contra
1089 4376 1147 4426 illos
1172 4375 1230 4427 iniit
1251 4375 1324 4426 iuxta
1345 4374 1458 4427 hostium
1478 4375 1503 4426 fl.
1522 4391 1545 4442 q.
1565 4375 1590 4426 d.
1608 4376 1677 4442 glain
1698 4375 1795 4444 (glemu
1805 4376 1848 4440 N)
1860 4377 1921 4429 MN

262 4462 296 4515 10
314 4464 454 4516 secundum
473 4463 507 4532 et]
525 4465 597 4518 acN
697 4464 729 4516 ll
747 4472 919 4532 quartumque
937 4480 968 4517 ao
985 4463 1104 4528 quintum
1115 4461 1176 4513 MN
1241 4478 1319 4529 snper
1336 4461 1407 4513 aliud
1426 4459 1547 4525 (om.D¹)
1561 4463 1656 4513 llumen
1675 4478 1699 4527 q.
1718 4463 1812 4514 dieitur
1830 4467 1917 4524 (uoca-

262 4557 305 4600 tur
326 4548 430 4615 OLPQ)
459 4552 570 4619 dubglas
596 4551 699 4620 (duglas
718 4547 886 4618 onwan
917 4567 994 4618 super
1024 4551 1103 4602 aliam
1128 4566 1229 4601 amnem
1261 4565 1329 4616 qnae
1361 4548 1509 4600 nominatur
1544 4547 1716 4600 brittannicae
1746 4549 1839 4617 duglas
1860 4551 1922 4601 MN

263 4633 296 4687 12
313 4642 340 4687 et
364 4633 411 4702 est]
440 4654 505 4703 quae
531 4647 571 4690 eet
584 4637 648 4703 MN,
675 4639 745 4705 quod
771 4645 810 4690 eat
824 4635 947 4700 ODGLQ
1069 4633 1101 4687 13
1118 4635 1198 4688 linuie
1212 4633 1293 4694 ΟΡΕ,
1319 4634 1399 4686 inuiis
1413 4633 1444 4683 N
1562 4629 1639 4698 14115
1657 4635 1707 4685 fuit
1724 4635 1820 4687 bellum
1840 4635 1877 4701 (h.
1897 4639 1917 4688 f.

263 4720 430 4790 CDGLPQ)]
449 4730 540 4776 contra
556 4724 613 4777 illos
631 4725 688 4775 iniit
706 4723 803 4774 bellurn
812 4721 875 4772 MN
967 4721 999 4774 15
1017 4722 1143 4774 celidonis
1161 4737 1219 4772 cum
1235 4720 1372 4786 interprete
1386 4717 1514 4783 ODLPQ,
1534 4717 1704 4772 callidonieG
1774 4721 1800 4771 id
1817 4728 1858 4773 cat
1875 4731 1918 4775 cat

262 4807 319 4873 (cao
329 4807 385 4872 00)
404 4809 455 4861 coit
473 4808 532 4871 (toit
541 4809 646 4874 ODGL,
664 4811 701 4861 oit
713 4808 744 4872 Q)
763 4805 872 4874 celidon]
891 4825 958 4875 quae
976 4808 1154 4876 bryttannioae
1170 4813 1213 4859 cat
1225 4807 1276 4858 coit
1287 4805 1345 4870 (toit
1353 4804 1394 4868 Ν)
1408 4805 1508 4857 celidon
1521 4803 1635 4870 (celidan
1644 4805 1686 4868 Ν)
1700 4807 1848 4860 nominatur
1860 4809 1922 4860 ΜΝ

263 4894 296 4948 16
313 4901 436 4948 octauum
453 4897 472 4948 f.
491 4898 516 4948 b.
534 4897 562 4947 in
580 4893 693 4962 castello]
719 4902 840 4948 octauum
863 4901 954 4946 matra
976 4894 1100 4946 barbaros
1125 4894 1195 4960 aegit
1216 4893 1315 4944 bellurn
1338 4892 1414 4943 iuxta
1436 4891 1570 4943 castellum
1586 4891 1648 4941 ΜΝ
1749 4890 1782 4943 17
1799 4895 1917 4960 guinnon

263 4981 339 5046 GPQ.
364 4981 533 5049 gninonDG‚
559 4982 710 5050 gunnionL
789 4983 815 5032 in
833 4998 885 5046 quo
907 4981 997 5032 arthur
1019 4979 1101 5045 (artur
1116 4979 1151 5045 P,
1175 4987 1278 5032 arturus
1293 4976 1326 5046 Q)
1350 4979 1464 5046 portauit
1487 4977 1625 5044 imaginem
1650 4985 1787 5046 perpetuae
1806 4976 1917 5048 (semper

263 5068 392 5135 uDuLP,
411 5085 458 5120 ont.
469 5068 511 5134 K)
529 5069 640 5135 uirginis
657 5066 739 5136 (perp.
757 5069 824 5134 uirg.
842 5083 890 5118 om.
907 5066 940 5130 Q)
958 5084 1036 5133 nuper
1052 5068 1172 5119 humeros
1187 5062 1257 5131 suos]
1276 5066 1303 5116 iu
1321 5081 1372 5131 quo
1390 5065 1458 5116 idem
1476 5065 1566 5116 arthur
1579 5065 1692 5132 portauit
1710 5063 1785 5131 (post
1801 5083 1862 5118 suos
1874 5067 1916 5132 N)

261 5158 306 5208 im.
323 5163 427 5208 sunone
444 5157 540 5207 mariae
557 5154 599 5206 dei
615 5155 746 5221 genitricis
764 5171 914 5221 semperque
931 5154 1042 5220 uirginis
1059 5171 1080 5206 s.
1098 5153 1124 5204 h.
1142 5169 1162 5204 e.
1175 5151 1235 5202 ΜΝ

369 5291 390 5359 ¹)
408 5300 434 5345 et
454 5293 481 5344 in
499 5291 619 5344 omuibus
636 5291 710 5343 bellis
728 5291 810 5342 victor
826 5291 919 5343 extitit.
965 5292 1028 5343 hlab
1045 5292 1109 5344 Utar
1125 5290 1273 5364 Britannice
1293 5287 1352 5354 (ont.
1363 5287 1422 5353 0⁸),
1441 5289 1511 5340 tilius
1531 5288 1661 5340 horribilis
1678 5289 1769 5341 Latine
1788 5287 1847 5354 (om.
1859 5287 1917 5357 0⁸),

201 5387 202 5390 ’
263 5383 385 5449 quoniam
404 5397 422 5432 a
439 5381 553 5449 puericia
569 5397 618 5432 aaa
636 5379 748 5432 crudelis
765 5380 822 5430 fuir.
859 5380 938 5430 Artur
955 5379 1046 5430 Latine
1064 5379 1220 5431 translatum
1237 5385 1412 5430 sonatamum
1426 5376 1578 5429 horribilem
1596 5375 1638 5428 vel
1656 5376 1779 5428 malleum
1797 5379 1916 5440 semaam,

263 5487 315 5535 quo
334 5469 534 5534 confringuntur
551 5467 618 5530 mole
636 5466 739 5518 leonum
758 5465 905 5532 (artur...
923 5466 1027 5518 leonum
1046 5474 1106 5518 onte
1128 5466 1188 5517 mab
1214 5472 1271 5518 uter
1282 5462 1320 5527 t)
1337 5464 1385 5516 im.
1398 5461 1444 5515 0¹⁶
1462 5459 1572 5529 (scripta
1594 5469 1653 5513 suot
1675 5461 1738 5514 haec
1761 5481 1814 5516 noa
1831 5465 1919 5518 eodem

262 5563 382 5626 tempore,
398 5553 443 5605 ted
461 5553 540 5605 tritae
555 5551 662 5620 maban)
673 5552 704 5604 L.
