4552 6308
933 377 1180 434 MALALIANVS.
1823 385 1883 446 431

224 552 308 617 illius
331 551 478 616 salutaris
502 547 682 615 aediticium
712 555 911 614 restauraret
935 557 968 616 et
992 572 1107 639 passus
1134 559 1206 639 post
1232 553 1361 616 tertium
1387 552 1471 618 diem
1495 575 1668 640 numquam
1691 556 1755 618 ism
1778 555 1875 618 mori-

226 661 314 719 turus
341 657 498 740 erigeret,
527 662 560 720 et
582 655 627 718 sic
651 673 779 718 omnem
810 653 973 719 hominem
1004 676 1023 720 a
1050 656 1250 722 subiectione
1286 655 1407 721 diabuh
1439 659 1604 724 liberaret.
1661 680 1735 723 nam
1758 657 1819 723 XL
1844 666 1877 722 et

225 760 274 824 VI
296 761 455 846 significat
477 765 614 840 sextam,
639 779 735 844 quam
757 757 895 822 mundus
918 760 1049 845 agebat,
1073 766 1226 842 aetatem,
1251 760 1326 824 dum
1348 767 1516 848 reparator
1539 783 1616 826 suae
1640 762 1793 828 faurioiae
1818 763 1876 828 ad-

226 865 351 928 veniret
377 871 411 928 et
438 863 616 951 perfectam
644 863 856 948 penitentiam
884 884 944 950 per
971 886 1137 930 numerum
1166 865 1374 951 perfectionis
1403 866 1694 954 quadragensimae
1723 869 1877 934 ieiunium

187 1003 198 1037 ,ι
226 967 445 1054 penitentibus
468 966 713 1032 demonstraret.
758 965 844 1031 unde
868 973 902 1031 et
922 967 992 1052 ipsa
1012 969 1154 1033 salvator
1175 975 1351 1055 temptatus
1367 991 1387 1034 a
1403 969 1534 1036 diabulo
1549 974 1639 1038 velut
1661 973 1758 1038 homo
1775 973 1878 1038 victor

226 1074 342 1137 extitit.
394 1079 430 1136 ut
460 1070 540 1135 daus
570 1090 648 1155 ergo
678 1091 737 1156 per
759 1068 840 1134 XLo
865 1075 898 1134 et
925 1079 1018 1136 sexto
1048 1094 1181 1137 numero
1211 1073 1372 1158 tertioque
1396 1076 1558 1163 duplicato
1588 1097 1716 1142 omnem
1745 1077 1876 1141 humani

224 1180 353 1263 generis
375 1200 483 1244 massa
504 1181 537 1244 in
558 1199 655 1243 unam
678 1179 755 1244 fidei
778 1179 1002 1245 fermentando
1027 1181 1211 1266 coagulavit
1233 1180 1427 1268 consparsio.

334 1287 380 1347 14.
405 1281 500 1356 Quod
523 1289 631 1347 autem
655 1303 697 1346 ex
719 1282 859 1347 femineo
884 1283 989 1348 editus
1011 1291 1139 1367 ventre,
1169 1285 1291 1369 positus
1313 1287 1346 1349 in
1367 1286 1534 1372 presepio,
1565 1286 1678 1373 pannis
1702 1292 1752 1349 est
1774 1284 1875 1351 obro-

176 1523 199 1560 ιι
226 1493 346 1556 ventris
370 1492 417 1556 tui
444 1513 562 1578 ponam
588 1511 685 1578 super
707 1489 819 1556 sedem
842 1497 941 1557 tuam.
985 1494 1170 1579 presepium
1193 1499 1280 1558 totus
1303 1493 1438 1558 muudus
1461 1493 1635 1576 adseritur,
1667 1495 1700 1559 in
1724 1514 1787 1580 quo
1811 1495 1875 1558 suis
1912 1485 1976 1534 ⁸¹⁹⁰·

224 1596 375 1660 iumentis
403 1596 648 1661 rationabilibus
675 1595 830 1682 pabulum
859 1595 1078 1661 subministrat
1105 1595 1252 1661 dominus
1282 1598 1481 1683 magestatis.
1527 1598 1640 1683 pannis
1664 1619 1740 1662 raro
1764 1598 1875 1663 adrol-

225 1701 309 1764 vitur
330 1706 456 1765 nostras
485 1701 631 1764 miserias
661 1698 852 1785 quatiendo,
881 1700 915 1763 in
942 1699 1057 1785 quibus
1085 1699 1221 1765 adibens
1249 1701 1342 1766 nobis
1366 1700 1529 1788 enplsstra
1551 1702 1669 1765 nostris
1691 1701 1877 1766 vulneribus

227 1805 352 1869 exibuit
380 1803 582 1869 medicinam.
634 1802 721 1890 quod
752 1810 861 1868 autern
897 1805 929 1869 in
956 1803 1129 1869 Bethleem
1156 1804 1258 1870 Iudae
1287 1806 1450 1870 civitatem
1478 1804 1586 1870 David
1612 1826 1746 1871 nascere
1777 1807 1878 1870 voluit

226 1907 381 1988 Christus,
404 1914 537 1995 propter
559 1908 629 1972 illut
651 1907 738 1994 quod
760 1915 835 1973 ante
858 1909 923 1974 iam
946 1911 1187 1996 pronuntiatum
1203 1911 1309 1976 fuerat
1323 1912 1422 1977 Iacob
1439 1912 1586 1998 fugienti,
1610 1910 1685 1976 dum
1708 1918 2092 1998 suporatusruos.rs.11-1s.

177 2049 199 2087 ιι
228 2014 347 2079 scalam
378 2013 424 2077 ibi
453 2012 495 2077 ad
526 2013 652 2077 caelum
679 2033 781 2098 usque
810 2015 1011 2100 conspiceret
1041 2021 1074 2078 ot
1102 2015 1238 2101 angelos
1267 2015 1320 2080 dei
1350 2015 1563 2081 ascendentes
1586 2023 1619 2080 et
1642 2015 1878 2081 descendentes

226 2117 359 2182 vidisset
389 2123 422 2181 et
452 2115 548 2181 deum
577 2116 609 2180 in
630 2137 755 2192 summo
778 2117 961 2182 incubuisse
985 2119 1161 2203 aspiceret,
1186 2118 1285 2183 dixit:
1309 2119 1361 2185 hic
1386 2126 1450 2202 est,
1475 2125 1509 2184 et
1530 2119 1691 2206 lapidem,
1716 2118 1878 2205 quemad

226 2227 323 2308 caput
345 2220 406 2286 sibi
427 2221 528 2286 Iacob
552 2226 720 2307 posuerat,
752 2221 785 2284 in
807 2219 1048 2286 similitudinem
1072 2222 1157 2287 illius
1179 2221 1296 2308 lapidis
1320 2224 1483 2308 angularis
1506 2245 1583 2288 rere
1614 2223 1729 2288 domus
1752 2223 1806 2288 dei
1829 2229 1879 2288 est

226 2333 260 2389 et
282 2333 377 2412 porta
408 2325 505 2399 caeli;
536 2322 622 2388 unde
651 2325 834 2411 appellatur
856 2324 984 2389 Bethel.
1034 2327 1085 2390 eui
1113 2327 1212 2392 iuncti
1243 2325 1306 2391 duc
1338 2329 1479 2414 parietes
1509 2349 1527 2392 e
1558 2327 1685 2392 diverso
1709 2329 1878 2392 venientes
1889 2346 1968 2400 apua.
1981 2351 2000 2399 ι,
2010 2353 2041 2389 ιι..

226 2429 369 2495 condidit
390 2431 423 2520 in
446 2429 620 2520 semetipso
645 2429 816 2514 copulavit,
842 2429 964 2494 scihcet
986 2432 1179 2516 populorum
1203 2433 1339 2497 conexio
1363 2433 1557 2498 ludaeorum
1581 2431 1688 2518 adque
1711 2433 1878 2517 gentilium

175 2567 201 2606 ιι
226 2555 341 2620 pacem
364 2535 396 2598 in
410 2539 563 2618 utrosque
591 2532 771 2618 perficiens.
817 2532 904 2618 quod
926 2553 1003 2598 vero
1028 2535 1210 2600 amirariles
1241 2543 1388 2622 pastores
1412 2538 1464 2601 rel
1487 2535 1601 2621 vigiles
1629 2537 1790 2600 invenitur
1811 2536 1878 2600 sire

228 2637 314 2724 quod
337 2640 369 2702 in
393 2636 558 2702 cunabulis
581 2634 743 2718 adoratu,
766 2642 878 2722 typum
901 2637 1077 2721 gerebatur
1100 2640 1294 2725 optimorum
1310 2647 1486 2726 pastorum,
1503 2660 1582 2726 quos
1599 2637 1744 2705 Christus
1769 2647 2054 2727 pater-uacans.
2181 2673 2182 2677 =

227 2741 364 2807 familias
396 2741 593 2805 constituens
623 2760 721 2826 super
747 2739 884 2803 famulos
916 2746 950 2804 et
983 2740 1136 2826 famulas,
1164 2749 1200 2808 ut
1228 2743 1311 2808 iuste
1336 2745 1445 2810 trittici
1468 2763 1652 2808 mensuram
1676 2743 1877 2826 distribuant,

229 2846 365 2910 sollicite
390 2843 626 2930 diligenterque
649 2842 823 2908 mandarit.
870 2844 922 2908 vel
943 2843 1043 2926 illius,
1068 2847 1118 2910 cui
1141 2853 1191 2910 ter
1214 2847 1259 2910 ait
1280 2848 1461 2934 iniungens:
1494 2869 1592 2935 pasce
1617 2868 1695 2912 oves
1714 2869 1814 2930 meas,
1836 2864 1934 2913 nolon.
1949 2869 2026 2912 ιιιι.
2041 2868 2073 2906 ιι.

226 2949 376 3034 luporum
397 2949 526 3034 inpetus
549 2946 730 3012 conturbati
752 2966 871 3033 pascua
893 2946 1033 3032 perdant
1054 2949 1174 3034 placita
1195 2971 1278 3015 meo.
1915 2919 1991 2966 Μ’

176 3087 200 3126 aa
336 3058 383 3118 15.
409 3050 504 3125 Quod
527 3057 636 3115 autem
652 3071 672 3114 s
687 3051 791 3135 magis
814 3050 916 3136 primo
934 3052 1075 3115 omnium
1098 3055 1243 3137 gentium
1260 3056 1350 3118 velut
1364 3055 1530 3119 nationum
1546 3055 1701 3141 primitias
1717 3054 1880 3138 adoratur,

228 3157 368 3221 omnium
393 3163 573 3221 creatorem
597 3161 630 3219 ct
652 3154 887 3220 dominatorem
913 3156 1094 3240 significant
1116 3178 1187 3222 esse
1212 3165 1381 3224 venturum
1405 3165 1438 3222 et
1459 3160 1492 3222 in
1515 3159 1665 3244 gentibus
1686 3159 1880 3224 crediturum

226 3261 333 3347 adque
356 3263 389 3326 in
410 3259 597 3326 muneribus
620 3258 742 3323 oblatio
766 3258 862 3324 deum
885 3266 919 3324 et
934 3281 1063 3346 regem;
1085 3261 1144 3326 sed
1167 3268 1201 3327 at
1216 3264 1365 3328 victimae
1386 3264 1586 3349 sepulturam
1602 3284 1743 3328 murram
1760 3263 1875 3329 dicitur
1888 3285 2035 3338 maresa.

227 3366 438 3446 adtributam,
466 3371 503 3429 ut
525 3385 585 3451 per
608 3364 690 3428 trina
713 3365 837 3450 species
860 3385 1043 3447 munerum,
1062 3365 1105 3430 id
1128 3373 1177 3430 est
1200 3388 1313 3433 aurum
1335 3369 1421 3453 regi,
1450 3367 1523 3432 thus
1546 3374 1581 3432 ut
1604 3366 1684 3451 deo,
1713 3389 1822 3432 murra
1843 3374 1955 3433 utam.
1970 3394 2030 3441 rar.

226 3471 380 3536 morituro
408 3476 574 3556 tamquam
604 3490 701 3533 unam
729 3469 885 3534 deitatem
915 3470 1016 3554 patris
1046 3475 1079 3534 et
1107 3470 1163 3535 filii
1186 3491 1224 3534 ac
1247 3472 1376 3558 spiritus
1400 3473 1501 3536 sancti
1525 3477 1637 3536 sancta
1660 3477 1693 3535 et
1714 3470 1879 3535 individua

174 3605 200 3644 ιι
228 3576 351 3640 trinitas
380 3574 569 3638 adoraretur
595 3574 626 3637 in
651 3571 794 3654 christo,
826 3570 1012 3637 crederetur
1040 3573 1074 3637 in
1100 3573 1235 3656 mundo,
1265 3574 1508 3661 praedicaretu
1530 3574 1745 3660 ingentibus.
1791 3574 1879 3660 quod

226 3679 322 3742 stella
352 3678 503 3743 ducatum
533 3677 636 3762 magis
659 3677 860 3764 praebuerit,
883 3682 1017 3762 propter
1037 3676 1117 3741 illud
1141 3677 1227 3762 quod
1250 3679 1383 3762 legitur:
1415 3679 1536 3743 orietur
1558 3679 1662 3760 stella,
1686 3676 1811 3763 inquid,
1836 3699 1879 3741 cx
1889 3699 1953 3743 rum.
1968 3704 2001 3751 ι
2013 3704 2044 3743 ιι.

227 3783 326 3847 Iacob
351 3789 384 3846 et
407 3781 553 3847 ascendit
574 3781 672 3846 homo
698 3782 730 3846 in
753 3781 878 3845 Israhel
901 3787 935 3845 et
957 3781 1140 3866 confringet
1162 3803 1275 3847 omnes
1297 3782 1396 3849 duces
1420 3782 1683 3868 alienigenarum.
1729 3787 1763 3846 et
1785 3780 1879 3846 illud:

228 3909 339 3952 omnes
363 3886 486 3952 aSaba
502 3887 633 3952 venient
656 3885 798 3951 ferentes
821 3907 944 3970 summ,
968 3885 1041 3950 thus
1058 3893 1091 3950 et
1112 3908 1229 3968 murra,
1253 3888 1393 3953 salutare
1410 3887 1539 3952 domino
1562 3887 1754 3951 nuntiantes.
1794 3885 1880 3971 quod
1890 3905 1932 3948 ιιι.
1943 3909 1976 3958 cc.
1986 3912 2005 3951 ι.

227 3997 336 4056 autern
359 3995 548 4078 persecutus
572 3990 613 4055 ab
636 3989 770 4056 Herode
799 3989 924 4076 perfido
947 4010 1091 4076 regeque
1116 3997 1265 4074 cruento,
1297 3998 1332 4056 ut
1361 3991 1593 4077 adimpleretur
1616 3990 1773 4075 scriptura
1796 4010 1879 4075 quae

176 4126 200 4166 ss
229 4097 319 4161 dicit:
343 4101 418 4162 ‘vox
440 4096 472 4160 in
496 4097 639 4176 excelso,
662 4095 725 4161 hoc
746 4101 796 4160 est
818 4096 851 4160 in
866 4094 986 4178 Rama,
1011 4094 1123 4160 audita
1145 4102 1204 4178 est,
1228 4096 1372 4182 pluralus
1395 4103 1429 4160 et
1450 4097 1555 4160 luctus
1577 4115 1732 4180 magnus;
1755 4092 1880 4158 Rachel
1891 4077 1968 4172 {5332
1977 4081 2041 4180 3¹1¹?
2048 4090 2053 4129 ³

226 4201 359 4287 plurans
385 4201 467 4266 filios
497 4220 586 4282 suos,
617 4206 651 4264 et
680 4200 781 4264 noluit
810 4200 968 4264 consolari
998 4200 1149 4285 quoniam
1176 4221 1241 4264 non
1264 4199 1358 4265 suut’.
1408 4201 1530 4265 inlusus
1558 4218 1697 4284 namque
1730 4219 1750 4261 a
1777 4199 1881 4282 magis
1979 4221 1983 4234 ⁸

228 4307 331 4370 saevit
352 4304 504 4371 Herodes
528 4305 683 4369 adversus
706 4304 868 4369 Christum
894 4311 927 4368 et
950 4305 1041 4390 quasi
1069 4310 1181 4391 posset
1209 4305 1294 4369 inter
1317 4311 1443 4371 ceteros
1471 4325 1570 4368 unum
1591 4302 1755 4388 iugulare,
1784 4321 1880 4387 quem

227 4411 288 4474 sibi
316 4409 492 4476 succedere
524 4410 622 4474 miser
653 4408 806 4490 timebat,
838 4409 926 4472 milia
953 4408 1160 4493 parvolorum
1187 4409 1219 4473 in
1251 4430 1391 4495 persona
1421 4409 1515 4472 unius
1544 4407 1675 4472 infantis
1704 4405 1820 4491 impius
1848 4411 1882 4470 et

228 4515 367 4580 cmdelis
394 4516 556 4579 mactavit.
602 4513 662 4579 sed
689 4513 730 4578 ab
758 4513 876 4599 angelo
900 4519 1010 4578 sancto
1034 4515 1175 4578 munitus
1202 4515 1386 4600 pervisum
1409 4513 1529 4600 Ioseph
1553 4511 1626 4575 tulit
1648 4530 1784 4596 puerum
1808 4529 1880 4574 cum

175 4650 202 4690 ιο
229 4627 366 4685 matram
390 4621 457 4684 eius
479 4621 513 4684 in
527 4619 727 4704 Aegyptum,
750 4624 784 4682 et
804 4616 956 4683 Herodes
979 4624 1090 4683 contra
1113 4639 1204 4683 suum
1227 4618 1379 4683 iudicium
1395 4618 1463 4681 sine
1481 4636 1577 4681 causa
1599 4633 1773 4700 parvorum
1788 4613 1880 4678 inno-

228 4734 356 4791 centum
381 4725 511 4790 crimine
534 4743 682 4808 pressum
705 4721 862 4786 infantum
885 4723 1077 4807 pernegavit
1101 4724 1289 4786 exercitum.

335 4833 381 4894 16.
410 4827 505 4903 Quod
535 4836 644 4892 autem
674 4825 948 4892 circumcisionem
975 4826 1120 4892 Christus
1143 4829 1176 4892 in
1199 4847 1294 4892 carne
1323 4826 1505 4914 pertulerit,
1536 4829 1671 4910 propter
1692 4819 1771 4885 illud
1795 4820 1882 4907 quod

227 4930 393 5017 apostulus
415 4933 474 4994 ait:
500 4929 661 4996 Christum
686 4931 781 5012 enim,
804 4930 925 5016 inquid,
948 4931 1127 4994 ministrum
1149 4931 1395 4996 circumcisionis
1417 4929 1515 4993 fuisse
1537 4925 1734 4992 credendum
1751 4930 1808 4989 est.
1849 4929 1954 4988 strom.
1967 4951 2025 4998 ras.

228 5032 308 5098 illud
331 5032 372 5098 de
396 5033 509 5098 exodi:
542 5057 613 5101 cum
636 5034 894 5120 proficisceretur
916 5033 1047 5119 Moyses
1069 5035 1251 5121 imperante
1276 5034 1404 5100 domino
1435 5032 1477 5097 ad
1502 5033 1688 5116 Aegyptum
1714 5035 1748 5092 at
1771 5047 2085 5099 accommodari-rs.

176 5165 202 5205 ιι
231 5139 439 5204 comitaretur
469 5139 586 5203 coniux
615 5159 688 5203 cum
717 5138 842 5218 liberis,
873 5139 1010 5202 occurrit
1037 5139 1067 5202 ei
1089 5139 1223 5226 angelus
1250 5139 1431 5204 interlicere
1454 5137 1544 5200 illum
1567 5133 1690 5199 volens.
1738 5131 1780 5196 ad
1803 5132 1881 5218 quid

230 5242 376 5307 adtonita
397 5240 568 5329 Sepphora
589 5243 752 5328 accipiens
773 5241 917 5328 lapidem
941 5240 1139 5306 circumcidit
1161 5262 1297 5329 puerum
1321 5247 1354 5306 et
1376 5247 1510 5327 propter
1532 5238 1722 5323 sanguinem
1745 5237 1879 5301 circum-

231 5348 355 5412 cisionis
379 5347 472 5433 pueri
493 5347 640 5434 pepercit
662 5349 818 5432 angelus,
845 5368 887 5411 ne
914 5347 1121 5411 interficeret.
1166 5346 1252 5412 unde
1282 5347 1479 5412 circumcisio
1508 5342 1627 5408 Ohristi
1657 5362 1768 5406 ornnes
1799 5341 1881 5427 legis
1911 5425 1912 5428 Ἴ

230 5451 277 5515 ira
299 5451 438 5515 cessavit
461 5458 494 5516 et
515 5451 645 5537 sanguis
669 5451 738 5514 aius
761 5449 907 5536 pondera
929 5449 1010 5515 dura
1033 5451 1105 5514 tuht
1128 5471 1168 5515 eo
1192 5450 1279 5536 quod
1302 5450 1383 5514 ‘linis
1406 5451 1488 5534 legis
1511 5444 1678 5528 Christus,
1703 5446 1757 5531 qui
1780 5445 2033 5550 ffl⁸¹0·dssfl¹'³‚¹it,⁴'

330 5693 399 5746 esu
416 5694 601 5746 subiectionem
621 5693 665 5745 0·
734 5693 857 5745 bdibulo
877 5693 915 5744 Ο·
986 5691 1019 5745 16
1037 5694 1235 5746 incubuissetO
1302 5693 1334 5746 18
1353 5691 1435 5763 porta]
1455 5689 1559 5761 portet]
1565 5690 1574 5722 ¹
1645 5688 1679 5742 26
1697 5696 1824 5741 uenturus
1844 5688 1883 5740 0·
