4598 6300
726 361 898 418 HISTORIA
917 361 1137 416 snlnnonvn
1155 360 1232 416 CVM
1251 360 1526 416 anniunnnn'rls
1544 360 1686 417 bunun.

718 535 877 601 'fustibus
900 542 956 600 aut
978 535 1076 599 armis
1098 542 1208 616 terret,
1232 534 1387 620 fugiendo
1409 540 1584 600 recurrunt.
1840 625 1841 628 Ἴ

740 659 812 703 cum
835 645 947 704 tamen
969 639 1051 703 haec
1073 639 1204 720 faciunt,
1228 658 1286 703 sua
1309 659 1444 724 corpora
1464 659 1544 704 vera
1565 639 1758 725 relinquunt.

741 749 840 828 atque
865 743 930 807 suis
953 741 1119 825 mandant,
1142 763 1184 806 ne
1208 743 1376 828 quisquam
1398 744 1537 807 moverit
1559 743 1629 807 illa:

652 871 689 910 ru
742 847 769 910 si
792 848 837 911 sic
860 848 1021 930 eveniant,
1044 867 1104 912 nec
1127 846 1247 911 odilla
1269 844 1376 911 redire
1398 847 1563 911 ualebunt.

740 950 867 1035 siquid
891 971 947 1016 eos
970 948 1069 1033 ledat,
1092 955 1266 1036 penetrent
1287 951 1313 1014 si
1336 951 1468 1015 vulnera
1491 971 1630 1037 queque,

741 1074 818 1118 vere
842 1055 875 1119 in
898 1055 1085 1140 corporibus
1111 1075 1240 1141 semper
1262 1061 1435 1119 cernuntur
1458 1075 1580 1121 eorum.

741 1159 786 1222 sic
809 1178 884 1223 caro
908 1158 1008 1223 cruda
1029 1159 1148 1224 herens
1169 1160 1203 1223 in
1224 1159 1292 1223 reri
1316 1160 1457 1244 corporis
1480 1179 1536 1224 ore

739 1263 879 1326 cernitur
902 1282 922 1324 a
946 1263 1050 1344 sociis,
1074 1261 1160 1348 quod
1183 1283 1241 1326 nos
1263 1263 1415 1327 miramus
1439 1269 1472 1327 et
1495 1284 1617 1328 omnes.

635 1411 687 1476 De
711 1414 841 1479 homine
866 1414 1028 1480 decollato
1052 1417 1158 1503 capite
1182 1439 1242 1504 per
1256 1417 1321 1482 VH
1344 1437 1444 1482 annos
1467 1419 1596 1484 uiuente

653 1543 691 1582 uo
744 1518 934 1582 Decollatus
957 1525 1027 1583 erat
1051 1519 1180 1605 quidam
1203 1521 1358 1605 languore
1382 1519 1514 1586 doloris:

744 1628 859 1707 postea
882 1629 1036 1709 septenos
1059 1624 1161 1688 fertur
1182 1624 1300 1687 vixisse
1322 1644 1518 1710 perennes:

739 1731 870 1810 gutture
894 1747 1022 1811 nanque
1045 1727 1143 1790 miser
1165 1726 1322 1813 poscebat
1345 1733 1458 1814 aperto
1482 1728 1680 1792 alimentum.

636 1883 687 1946 De
711 1883 848 1946 muliere
872 1903 944 1947 oum
968 1903 1103 1968 corpore
1127 1903 1147 1946 a
1170 1881 1361 1948 demonibus
1384 1889 1478 1971 rapta

741 1986 834 2050 Haec
856 2007 908 2050 res
930 1987 1012 2051 mira
1034 1987 1118 2051 solet
1139 2007 1290 2051 numeros
1312 1987 1552 2051 celebrantibus
1574 1985 1659 2052 addi.

739 2091 788 2154 vir
810 2090 913 2154 bonus
937 2097 971 2155 et
993 2111 1094 2155 verax
1116 2091 1238 2177 aliquid
1260 2091 1408 2156 mirabile
1431 2090 1521 2155 vidit

650 2218 686 2258 rs
740 2192 880 2279 quodam
902 2214 1031 2280 nanque
1055 2192 1107 2259 die
1131 2196 1278 2289 volucres
1300 2195 1334 2258 in
1356 2195 1487 2258 flumine
1511 2214 1646 2259 cernens

741 2299 895 2384 proitiens
917 2298 1059 2384 lapidem
1082 2301 1241 2385 percussit
1262 2299 1395 2364 vulnere
1418 2300 1558 2385 signum,

740 2402 903 2488 prendere
927 2424 1023 2488 quam
1046 2405 1178 2489 cupiens
1201 2411 1277 2468 ωηο
1299 2405 1443 2489 protinus
1465 2404 1520 2468 ille
1544 2405 1690 2469 cucurrit.

741 2505 800 2570 sed
823 2512 1019 2593 properante
1042 2508 1110 2571 viro
1133 2509 1213 2572 mire
1238 2514 1287 2573 est
1308 2507 1354 2573 ibi
1377 2508 1598 2592 seminariae,

741 2630 838 2695 quam
861 2608 990 2695 stupido
1013 2611 1083 2674 risu
1107 2612 1265 2697 aspiciens
1288 2611 1371 2676 haec
1395 2613 1500 2697 querit
1523 2611 1564 2676 ab
1587 2610 1652 2694 illa,

653 2735 691 2776 nc
743 2711 829 2778 unde
852 2713 923 2796 fuit,
947 2713 1023 2798 quid
1046 2715 1076 2778 ei
1099 2713 1215 2779 accidit
1237 2721 1294 2780 aut
1316 2736 1379 2802 quo
1403 2722 1550 2802 tempore
1573 2716 1671 2780 venit.

741 2816 839 2881 haec:
862 2817 987 2881 infirma
1010 2817 1066 2898 lui,
1088 2819 1192 2904 inquit
1215 2819 1255 2901 ei,
1277 2825 1310 2884 et
1332 2826 1407 2883 ωηο
1429 2821 1578 2905 proxima
1599 2821 1695 2884 morti

744 2926 843 3005 atque
866 2925 981 3006 putata
1002 2921 1083 2985 meis
1106 2941 1187 3004 sum,
1211 2921 1297 3006 quod
1320 2921 1472 2986 defuncta
1494 2921 1638 2988 videbar.

741 3023 932 3089 demonibus
955 3023 1014 3088 sed
1035 3031 1129 3108 rapta
1151 3024 1197 3088 lui
1220 3046 1292 3090 cum
1316 3045 1412 3090 carne
1435 3032 1581 3113 repente.

739 3127 824 3192 hanc
847 3129 902 3192 vix
925 3126 1113 3192 credibilem
1135 3149 1205 3193 rem
1228 3135 1303 3194 ωηο
1326 3130 1450 3194 audivit
1472 3131 1513 3195 ab
1537 3131 1602 3213 illa,

653 3254 689 3295 us
742 3253 839 3317 quam
863 3253 973 3298 secum
997 3231 1117 3297 ducens
1140 3234 1274 3298 saciavit
1296 3239 1387 3299 veste
1410 3234 1558 3320 ciboque,

741 3335 875 3401 tradidit
897 3343 996 3422 atque
1019 3337 1084 3401 suis
1107 3337 1312 3402 credentibus
1334 3358 1407 3404 esse
1430 3340 1601 3424 sepultam,

740 3441 794 3526 qui
818 3439 904 3526 quod
929 3446 1001 3505 erat
1022 3440 1142 3506 factum
1165 3442 1220 3506 vix
1243 3440 1376 3506 credere
1400 3442 1465 3506 iam
1486 3447 1670 3527 potuerunt.

637 3591 689 3657 De
711 3595 786 3658 nari
809 3615 873 3681 que
896 3595 965 3659 visa
989 3599 1038 3658 est
1059 3594 1093 3658 in
1117 3615 1193 3660 aere

744 3697 819 3762 Rex
842 3699 902 3763 luit
923 3699 956 3762 in
979 3699 1107 3763 theatro
1131 3698 1317 3764 Scottorum
1340 3706 1488 3789 tempore
1511 3700 1652 3787 quodam

745 3801 847 3866 turbis
870 3823 943 3866 cum
965 3802 1071 3884 variis,
1095 3823 1168 3866 cum
1190 3803 1345 3868 militibus
1369 3803 1479 3868 ordine
1503 3803 1653 3890 pulchris.

654 3927 692 3968 rac
746 3923 822 3969 eece
844 3912 981 3990 repente
1003 3904 1117 3969 rident
1139 3904 1311 3971 decurrere
1334 3907 1366 3971 in
1389 3927 1465 3972 aere
1488 3908 1607 3990 navim,

743 4007 784 4072 de
808 4028 872 4094 qua
893 4014 969 4095 post
991 4009 1113 4095 piscem
1136 4017 1212 4074 ωηο
1234 4031 1315 4074 unus
1338 4011 1459 4074 iecerat
1480 4011 1618 4090 hastam,

743 4132 825 4195 quae
850 4112 913 4177 ruit
935 4113 1119 4196 interram,
1144 4134 1240 4199 quam
1262 4119 1377 4178 natans
1400 4114 1453 4178 ille
1477 4115 1612 4178 retraxit

741 4216 803 4279 ists
826 4217 896 4302 quis
918 4216 1085 4282 auditurus

1015 4406 1141 4490 (reliqua
1164 4409 1273 4487 pagina
1297 4407 1392 4492 vacat)
