<?xml version="1.0" encoding="UTF-8"?>
<!DOCTYPE html PUBLIC "-//W3C//DTD XHTML 1.0 Transitional//EN"
    "http://www.w3.org/TR/xhtml1/DTD/xhtml1-transitional.dtd">
<html xmlns="http://www.w3.org/1999/xhtml" xml:lang="en" lang="en">
 <head>
  <title>
</title>
<meta http-equiv="Content-Type" content="text/html;charset=utf-8" />
  <meta name='ocr-system' content='tesseract 3.04.00' />
  <meta name='ocr-capabilities' content='ocr_page ocr_carea ocr_par ocr_line ocrx_word'/>
</head>
<body>
  <div class='ocr_page' id='page_1' title='image "./monumentagerman01mittgoog_0478.png"; bbox 0 0 4552 6308; ppageno 0'>
   <div class='ocr_carea' id='block_1_1' title="bbox 774 367 1883 434">
    <p class='ocr_par' dir='ltr' id='par_1_1' title="bbox 774 367 1883 434">
     <span class='ocr_line' id='line_1_1' title="bbox 774 367 1883 434; baseline 0.008 -11"><span class='ocrx_word' id='word_1_1' title='bbox 774 368 901 424; x_wconf 81' lang='lat' dir='ltr'><strong>LEGVM</strong></span> <span class='ocrx_word' id='word_1_2' title='bbox 919 367 1078 424; x_wconf 81' lang='lat' dir='ltr'>GORPORI</span> <span class='ocrx_word' id='word_1_3' title='bbox 1097 367 1332 424; x_wconf 66' lang='lat' dir='ltr'>Ple-nnulssvs.</span> <span class='ocrx_word' id='word_1_4' title='bbox 1821 370 1883 434; x_wconf 79' lang='lat'>463</span> 
     </span>
    </p>
   </div>
   <div class='ocr_carea' id='block_1_2' title="bbox 230 540 1889 1355">
    <p class='ocr_par' dir='ltr' id='par_1_2' title="bbox 230 540 1889 1355">
     <span class='ocr_line' id='line_1_2' title="bbox 334 540 1886 629; baseline -0.003 -20"><span class='ocrx_word' id='word_1_5' title='bbox 334 543 459 609; x_wconf 85' lang='lat' dir='ltr'>Prodiit</span> <span class='ocrx_word' id='word_1_6' title='bbox 489 544 663 609; x_wconf 76' lang='lat' dir='ltr'>laterculus</span> <span class='ocrx_word' id='word_1_7' title='bbox 695 542 834 628; x_wconf 89' lang='lat' dir='ltr'>primum</span> <span class='ocrx_word' id='word_1_8' title='bbox 861 542 894 606; x_wconf 91' lang='lat' dir='ltr'>in</span> <span class='ocrx_word' id='word_1_9' title='bbox 923 541 1065 608; x_wconf 78' lang='lat' dir='ltr'>editione</span> <span class='ocrx_word' id='word_1_10' title='bbox 1096 543 1238 629; x_wconf 82' lang='lat' dir='ltr'>eorporis</span> <span class='ocrx_word' id='word_1_11' title='bbox 1270 543 1380 627; x_wconf 83' lang='lat' dir='ltr'>legum</span> <span class='ocrx_word' id='word_1_12' title='bbox 1405 540 1611 627; x_wconf 80' lang='lat' dir='ltr'>Wisigothioi</span> <span class='ocrx_word' id='word_1_13' title='bbox 1640 561 1737 627; x_wconf 79' lang='lat' dir='ltr'>quem</span> <span class='ocrx_word' id='word_1_14' title='bbox 1764 541 1886 606; x_wconf 78' lang='lat' dir='ltr'>curavit</span> 
     </span>
     <span class='ocr_line' id='line_1_3' title="bbox 230 644 1887 733; baseline -0.002 -20"><span class='ocrx_word' id='word_1_15' title='bbox 230 649 387 713; x_wconf 81' lang='lat' dir='ltr'>Pithoeus</span> <span class='ocrx_word' id='word_1_16' title='bbox 417 669 446 712; x_wconf 80' lang='lat' dir='ltr'>e.</span> <span class='ocrx_word' id='word_1_17' title='bbox 466 651 548 712; x_wconf 85' lang='grc'>1579</span> <span class='ocrx_word' id='word_1_18' title='bbox 573 645 659 729; x_wconf 81' lang='lat' dir='ltr'>(vide</span> <span class='ocrx_word' id='word_1_19' title='bbox 682 667 779 733; x_wconf 82' lang='lat' dir='ltr'>supro</span> <span class='ocrx_word' id='word_1_20' title='bbox 808 645 851 711; x_wconf 81' lang='lat' dir='ltr'>ed</span> <span class='ocrx_word' id='word_1_21' title='bbox 873 644 944 711; x_wconf 87' lang='lat' dir='ltr'>eod.</span> <span class='ocrx_word' id='word_1_22' title='bbox 967 646 1105 711; x_wconf 80' lang='lat' dir='ltr'>Perieini</span> <span class='ocrx_word' id='word_1_23' title='bbox 1128 649 1241 729; x_wconf 84' lang='grc'>4669);</span> <span class='ocrx_word' id='word_1_24' title='bbox 1270 647 1491 733; x_wconf 84' lang='lat' dir='ltr'>repetiverunt</span> <span class='ocrx_word' id='word_1_25' title='bbox 1518 645 1600 712; x_wconf 88' lang='lat' dir='ltr'>Bon.</span> <span class='ocrx_word' id='word_1_26' title='bbox 1616 645 1792 710; x_wconf 77' lang='lat' dir='ltr'>Vulcanius</span> <span class='ocrx_word' id='word_1_27' title='bbox 1822 664 1887 709; x_wconf 81' lang='lat' dir='ltr'>uno</span> 
     </span>
     <span class='ocr_line' id='line_1_4' title="bbox 232 749 1886 838; baseline -0.003 -21"><span class='ocrx_word' id='word_1_28' title='bbox 232 774 304 817; x_wconf 83' lang='lat' dir='ltr'>cum</span> <span class='ocrx_word' id='word_1_29' title='bbox 334 751 481 817; x_wconf 78' lang='lat' dir='ltr'>Iordanis</span> <span class='ocrx_word' id='word_1_30' title='bbox 514 752 631 817; x_wconf 81' lang='lat' dir='ltr'>libellis</span> <span class='ocrx_word' id='word_1_31' title='bbox 660 749 822 836; x_wconf 82' lang='lat' dir='ltr'>(Lugduni</span> <span class='ocrx_word' id='word_1_32' title='bbox 855 749 1055 815; x_wconf 79' lang='lat' dir='ltr'>Batavorum</span> <span class='ocrx_word' id='word_1_33' title='bbox 1083 771 1111 815; x_wconf 86' lang='lat' dir='ltr'>e.</span> <span class='ocrx_word' id='word_1_34' title='bbox 1134 752 1228 834; x_wconf 85' lang='grc'>1597)</span> <span class='ocrx_word' id='word_1_35' title='bbox 1258 772 1290 838; x_wconf 89' lang='lat' dir='ltr'>p.</span> <span class='ocrx_word' id='word_1_36' title='bbox 1314 753 1484 816; x_wconf 75' lang='lat'><strong>235-238</strong></span> <span class='ocrx_word' id='word_1_37' title='bbox 1514 751 1717 815; x_wconf 82' lang='lat' dir='ltr'>subiunotum</span> <span class='ocrx_word' id='word_1_38' title='bbox 1746 749 1886 814; x_wconf 80' lang='lat' dir='ltr'>historiis</span> 
     </span>
     <span class='ocr_line' id='line_1_5' title="bbox 232 852 1886 942; baseline -0.002 -22"><span class='ocrx_word' id='word_1_39' title='bbox 232 857 434 924; x_wconf 72' lang='lat' dir='ltr'>Isidorieniez</span> <span class='ocrx_word' id='word_1_40' title='bbox 468 855 608 942; x_wconf 81' lang='lat' dir='ltr'>Aguirre</span> <span class='ocrx_word' id='word_1_41' title='bbox 642 855 674 918; x_wconf 94' lang='lat' dir='ltr'>in</span> <span class='ocrx_word' id='word_1_42' title='bbox 708 855 849 920; x_wconf 82' lang='lat' dir='ltr'>eonciliie</span> <span class='ocrx_word' id='word_1_43' title='bbox 883 853 1068 939; x_wconf 81' lang='lat' dir='ltr'>Hisponioie</span> <span class='ocrx_word' id='word_1_44' title='bbox 1102 854 1165 937; x_wconf 90' lang='lat' dir='ltr'>(ed.</span> <span class='ocrx_word' id='word_1_45' title='bbox 1196 860 1207 918; x_wconf 97' lang='grc'>1</span> <span class='ocrx_word' id='word_1_46' title='bbox 1234 853 1361 920; x_wconf 79' lang='lat' dir='ltr'>Romae</span> <span class='ocrx_word' id='word_1_47' title='bbox 1392 856 1471 920; x_wconf 84' lang='grc'>1693</span> <span class='ocrx_word' id='word_1_48' title='bbox 1506 854 1606 918; x_wconf 72' lang='lat' dir='ltr'>noll</span> <span class='ocrx_word' id='word_1_49' title='bbox 1640 875 1671 940; x_wconf 87' lang='lat' dir='ltr'>p.</span> <span class='ocrx_word' id='word_1_50' title='bbox 1690 857 1768 935; x_wconf 84' lang='lat'>189,</span> <span class='ocrx_word' id='word_1_51' title='bbox 1799 852 1886 918; x_wconf 66' lang='lat' dir='ltr'>eli</span> 
     </span>
     <span class='ocr_line' id='line_1_6' title="bbox 232 956 1889 1046; baseline -0.002 -22"><span class='ocrx_word' id='word_1_52' title='bbox 232 959 358 1024; x_wconf 79' lang='lat' dir='ltr'>Romae</span> <span class='ocrx_word' id='word_1_53' title='bbox 386 963 466 1025; x_wconf 89' lang='grc'>1753</span> <span class='ocrx_word' id='word_1_54' title='bbox 490 960 589 1024; x_wconf 84' lang='lat' dir='ltr'>vol.3</span> <span class='ocrx_word' id='word_1_55' title='bbox 613 981 644 1045; x_wconf 94' lang='lat' dir='ltr'>p.</span> <span class='ocrx_word' id='word_1_56' title='bbox 661 957 715 1044; x_wconf 88' lang='grc'>78)</span> <span class='ocrx_word' id='word_1_57' title='bbox 739 960 866 1045; x_wconf 78' lang='lat' dir='ltr'>‘partim</span> <span class='ocrx_word' id='word_1_58' title='bbox 897 979 939 1024; x_wconf 83' lang='lat' dir='ltr'>ex</span> <span class='ocrx_word' id='word_1_59' title='bbox 967 957 1092 1024; x_wconf 77' lang='lat' dir='ltr'>Isidoro</span> <span class='ocrx_word' id='word_1_60' title='bbox 1119 961 1235 1046; x_wconf 78' lang='lat' dir='ltr'>partim</span> <span class='ocrx_word' id='word_1_61' title='bbox 1266 979 1308 1022; x_wconf 87' lang='lat' dir='ltr'>ex</span> <span class='ocrx_word' id='word_1_62' title='bbox 1330 957 1461 1032; x_wconf 79' lang='lat' dir='ltr'>Vulse’;</span> <span class='ocrx_word' id='word_1_63' title='bbox 1489 958 1605 1023; x_wconf 71' lang='lat' dir='ltr'>Floret</span> <span class='ocrx_word' id='word_1_64' title='bbox 1635 957 1726 1040; x_wconf 80' lang='lat' dir='ltr'><strong>(Esp.</strong></span> <span class='ocrx_word' id='word_1_65' title='bbox 1749 956 1889 1040; x_wconf 55' lang='lat' dir='ltr'>soffredo</span> 
     </span>
     <span class='ocr_line' id='line_1_7' title="bbox 233 1060 1886 1149; baseline -0.004 -21"><span class='ocrx_word' id='word_1_66' title='bbox 233 1065 330 1128; x_wconf 66' lang='lat' dir='ltr'>voli</span> <span class='ocrx_word' id='word_1_67' title='bbox 354 1063 441 1128; x_wconf 81' lang='lat' dir='ltr'>ed.2</span> <span class='ocrx_word' id='word_1_68' title='bbox 465 1085 493 1128; x_wconf 81' lang='lat' dir='ltr'>o.</span> <span class='ocrx_word' id='word_1_69' title='bbox 515 1068 594 1128; x_wconf 84' lang='grc'>1754</span> <span class='ocrx_word' id='word_1_70' title='bbox 618 1085 651 1149; x_wconf 89' lang='lat' dir='ltr'>p.</span> <span class='ocrx_word' id='word_1_71' title='bbox 673 1063 746 1144; x_wconf 88' lang='grc'>177)</span> <span class='ocrx_word' id='word_1_72' title='bbox 770 1083 813 1127; x_wconf 82' lang='lat' dir='ltr'>ex</span> <span class='ocrx_word' id='word_1_73' title='bbox 838 1063 990 1148; x_wconf 85' lang='lat' dir='ltr'>Aguirrio</span> <span class='ocrx_word' id='word_1_74' title='bbox 1014 1061 1142 1128; x_wconf 83' lang='lat' dir='ltr'>odieote</span> <span class='ocrx_word' id='word_1_75' title='bbox 1163 1063 1254 1127; x_wconf 80' lang='lat' dir='ltr'>vario</span> <span class='ocrx_word' id='word_1_76' title='bbox 1276 1063 1415 1126; x_wconf 82' lang='lat' dir='ltr'>lectione</span> <span class='ocrx_word' id='word_1_77' title='bbox 1440 1083 1483 1126; x_wconf 81' lang='lat' dir='ltr'>ex</span> <span class='ocrx_word' id='word_1_78' title='bbox 1510 1061 1714 1132; x_wconf 57' lang='lat' dir='ltr'>peroniano</span> <span class='ocrx_word' id='word_1_79' title='bbox 1736 1060 1886 1126; x_wconf 81' lang='lat' dir='ltr'>Frenoie-</span> 
     </span>
     <span class='ocr_line' id='line_1_8' title="bbox 234 1164 1886 1253; baseline -0.004 -21"><span class='ocrx_word' id='word_1_80' title='bbox 234 1187 289 1232; x_wconf 85' lang='lat' dir='ltr'>oue</span> <span class='ocrx_word' id='word_1_81' title='bbox 313 1165 353 1230; x_wconf 88' lang='lat' dir='ltr'>de</span> <span class='ocrx_word' id='word_1_82' title='bbox 375 1166 568 1231; x_wconf 79' lang='lat' dir='ltr'>Lorenzena</span> <span class='ocrx_word' id='word_1_83' title='bbox 590 1165 715 1253; x_wconf 79' lang='lat' dir='ltr'>(patres</span> <span class='ocrx_word' id='word_1_84' title='bbox 738 1167 888 1230; x_wconf 80' lang='lat' dir='ltr'>Toletani</span> <span class='ocrx_word' id='word_1_85' title='bbox 911 1168 1011 1231; x_wconf 65' lang='lat' dir='ltr'>voli</span> <span class='ocrx_word' id='word_1_86' title='bbox 1034 1166 1156 1231; x_wconf 79' lang='lat' dir='ltr'>Matriti</span> <span class='ocrx_word' id='word_1_87' title='bbox 1178 1169 1257 1231; x_wconf 91' lang='grc'>1785</span> <span class='ocrx_word' id='word_1_88' title='bbox 1281 1188 1312 1252; x_wconf 89' lang='lat' dir='ltr'>p.</span> <span class='ocrx_word' id='word_1_89' title='bbox 1330 1169 1405 1248; x_wconf 87' lang='grc'>385)</span> <span class='ocrx_word' id='word_1_90' title='bbox 1431 1187 1473 1230; x_wconf 83' lang='lat' dir='ltr'>ex</span> <span class='ocrx_word' id='word_1_91' title='bbox 1495 1164 1645 1229; x_wconf 82' lang='lat' dir='ltr'>Florezio</span> <span class='ocrx_word' id='word_1_92' title='bbox 1669 1164 1886 1229; x_wconf 74' lang='lat' dir='ltr'>adnotationi-</span> 
     </span>
     <span class='ocr_line' id='line_1_9' title="bbox 233 1269 1579 1355; baseline 0 -22"><span class='ocrx_word' id='word_1_93' title='bbox 233 1271 293 1334; x_wconf 84' lang='lat' dir='ltr'>bus</span> <span class='ocrx_word' id='word_1_94' title='bbox 317 1269 499 1336; x_wconf 80' lang='lat' dir='ltr'>Perezienis</span> <span class='ocrx_word' id='word_1_95' title='bbox 523 1270 683 1338; x_wconf 78' lang='lat' dir='ltr'>adeuntis:</span> <span class='ocrx_word' id='word_1_96' title='bbox 706 1270 865 1335; x_wconf 82' lang='lat' dir='ltr'>Arevolue</span> <span class='ocrx_word' id='word_1_97' title='bbox 888 1272 972 1334; x_wconf 86' lang='lat' dir='ltr'>inter</span> <span class='ocrx_word' id='word_1_98' title='bbox 995 1270 1174 1335; x_wconf 80' lang='lat' dir='ltr'>[sidoniana</span> <span class='ocrx_word' id='word_1_99' title='bbox 1197 1271 1259 1336; x_wconf 89' lang='lat' dir='ltr'>vol.</span> <span class='ocrx_word' id='word_1_100' title='bbox 1278 1274 1295 1334; x_wconf 84' lang='grc'>7</span> <span class='ocrx_word' id='word_1_101' title='bbox 1321 1269 1434 1354; x_wconf 83' lang='grc'>(1803)</span> <span class='ocrx_word' id='word_1_102' title='bbox 1457 1291 1488 1355; x_wconf 90' lang='lat' dir='ltr'>p.</span> <span class='ocrx_word' id='word_1_103' title='bbox 1510 1273 1579 1334; x_wconf 82' lang='lat'>185.</span> 
     </span>
    </p>
   </div>
   <div class='ocr_carea' id='block_1_3' title="bbox 0 0 2327 6308">
    <p class='ocr_par' dir='ltr' id='par_1_3' title="bbox 0 0 2327 6308">
     <span class='ocr_line' id='line_1_10' title="bbox 0 0 2327 6308; baseline 0 0"><span class='ocrx_word' id='word_1_104' title='bbox 0 0 2327 6308; x_wconf 95' lang='lat' dir='ltr'> </span> 
     </span>
    </p>
   </div>
  </div>
 </body>
</html>
