4538 6300
380 371 444 435 498
1115 359 1307 417 constans.
1875 355 2001 412 INDEX
2022 355 2059 410 V.

483 542 524 594 Ad
541 558 565 594 a.
584 557 667 608 usque
685 537 738 592 284
758 539 836 591 index
859 555 891 592 ea
912 544 1014 592 tantum
1037 537 1181 604 componit,
1205 555 1272 604 quae
1295 537 1463 590 inveniuntur
1485 538 1513 590 ln
1536 538 1667 590 laterculis
1690 555 1707 590 a
1729 538 1804 590 nobis
1827 537 1915 590 aditis.
1953 537 1994 587 At
2020 533 2057 585 ab

378 631 451 683 initio
469 629 622 682 Diocletiani
640 628 674 680 ad
690 627 830 680 laterculos
849 627 906 678 illos
922 627 1064 678 adiecimus
1082 632 1127 677 aut
1143 626 1329 692 comprehensa
1346 626 1413 676 inter
1430 642 1511 678 uncos
1532 623 1564 692 []
1582 633 1628 678 ant
1645 627 1672 677 in
1690 625 1901 678 adnotationibus
1920 628 2056 688 excerpta

378 735 409 769 ex
427 718 638 771 constitutionum
656 715 812 782 corporibus,
831 715 922 776 titulis,
939 715 1051 782 papyris,
1063 713 1127 764 sctis
1144 713 1325 764 ecclesiasticis
1343 729 1375 766 ea
1392 729 1458 778 qnae
1478 713 1511 764 ad
1529 729 1623 766 manus
1640 721 1726 767 essent
1743 720 1770 764 et
1787 712 1863 765 utilia
1880 711 2053 763 viderentur.

377 805 502 858 Consules
519 821 578 856 cum
596 819 642 870 per
658 803 723 854 hacc
742 808 855 870 tempora
872 801 973 854 soleant
990 801 1119 852 enuntiari
1137 801 1213 852 unico
1231 800 1366 866 vocabulo,
1379 801 1709 868 exceptie·imperatoribue
1727 799 1850 867 adscripsi
1869 799 1905 850 ad
1923 799 2054 864 singulos

377 909 444 958 quae
461 892 589 944 habebam
610 889 717 942 collecta
734 895 761 941 et
778 889 842 940 sads
860 894 930 940 serta
946 887 979 938 sd
996 887 1100 938 nomina
1117 902 1206 938 eornm
1224 886 1360 954 explenda
1396 887 1495 939 Deinde
1512 903 1559 954 per
1576 903 1608 940 ea
1619 893 1742 953 tempora,
1760 886 1856 952 quibus
1875 887 1903 936 in
1923 885 2053 952 partibus

377 978 523 1032 Occidentis
540 977 703 1042 Orientisque
721 975 841 1027 consules
857 975 958 1026 diverse
975 975 1151 1034 enuntiantur,
1170 973 1373 1025 differentiarum
1391 990 1480 1025 samm
1505 975 1547 1038 (de
1567 990 1677 1040 quarum
1703 975 1805 1040 legibus
1829 973 1942 1041 exposui
1966 987 2052 1023 mea

378 1063 474 1116 Archiv
497 1061 542 1130 14,
559 1059 716 1127 tte-249)
739 1062 806 1112 ratio
830 1061 917 1113 habita
941 1067 987 1112 est
1036 1059 1139 1112 Scilicet
1159 1059 1265 1126 imperio
1291 1060 1410 1127 bipertito
1435 1077 1494 1113 cnm
1517 1061 1654 1128 imperator
1674 1061 1740 1114 alter
1766 1061 1878 1114 alterurn
1905 1059 2051 1110 consulem

377 1167 464 1204 creare
485 1151 589 1214 soleret,
614 1156 672 1218 poet
687 1149 792 1216 aliquod
814 1155 914 1214 tempus
938 1147 1016 1199 etiarn
1043 1147 1262 1215 promulgationes
1288 1147 1365 1198 simul
1389 1147 1444 1198 lieri
1468 1148 1598 1200 desierunt
1624 1155 1650 1200 et
1667 1164 1726 1200 curn
1744 1148 1858 1216 legitime
1875 1147 1999 1213 collegae
2018 1145 2050 1196 in

377 1239 513 1292 consulatu
524 1238 558 1290 ad
570 1238 722 1304 dignitatem
740 1235 873 1288 ordinandi
891 1241 984 1296 essent,
1002 1249 1187 1300 saepenumero
1200 1234 1294 1299 evenit,
1307 1241 1335 1286 ut
1348 1234 1418 1302 prior
1429 1233 1457 1284 in
1469 1235 1623 1287 laterculum
1636 1235 1732 1288 relatus
1744 1251 1804 1286 eum
1816 1234 1903 1286 locum
1917 1233 2050 1286 retineret

377 1325 509 1393 dignitatis
526 1324 627 1376 ratione
645 1341 698 1376 non
715 1321 812 1384 habita,
830 1337 882 1373 non
901 1337 958 1372 raro
976 1337 1009 1371 ne
1028 1319 1183 1386 reciperetur
1200 1319 1303 1386 quidem
1321 1320 1366 1386 qui
1384 1321 1509 1386 posterior
1526 1321 1704 1374 nuntiabatur.
1740 1323 1834 1372 Forma
1851 1320 2048 1372 laterculorum

378 1411 496 1479 legitime
512 1428 571 1463 cum
589 1427 634 1477 per
647 1411 797 1463 universum
815 1407 951 1475 imperium
969 1423 1068 1474 semper
1086 1406 1174 1458 eadem
1190 1407 1321 1465 manserit,
1340 1407 1421 1459 nihilo
1440 1409 1526 1460 minus
1544 1425 1632 1460 eorum
1644 1419 1710 1475 quos
1722 1409 1848 1461 habemus
1866 1407 1997 1474 originem
2010 1424 2047 1459 ex

378 1499 483 1550 Oriente
495 1499 584 1551 multis
596 1497 712 1564 vestigiis
724 1496 857 1548 declarant
869 1494 1060 1546 Marcelliniani
1072 1499 1098 1545 et
1110 1493 1259 1545 Heracliani
1271 1501 1298 1545 et
1309 1495 1487 1560 Alexandrini,
1505 1485 1631 1562 originem
1644 1512 1676 1548 ex
1689 1497 1826 1548 Occidente
1838 1495 1925 1545 italici
1936 1502 1965 1546 et
1975 1495 2046 1546 Con-

377 1585 661 1652 stantinopolitenorum
673 1583 832 1637 continuatio
840 1589 866 1634 et
874 1581 1036 1648 Prosperieni
1045 1597 1105 1632 cum
1116 1581 1365 1654 continuationibns3
1378 1581 1446 1649 apud
1455 1582 1584 1634 Victorem
1594 1584 1808 1635 'l'onnennensem
1821 1588 1847 1634 et
1855 1579 2046 1632 cassiodorum

376 1682 404 1724 et
414 1673 525 1724 Marium
543 1673 617 1724 modo
635 1672 699 1723 haec
717 1673 799 1723 forma
816 1668 949 1735 reperitur,
968 1667 1043 1720 modo
1060 1667 1113 1719 illa.
1149 1667 1204 1734 Ego
1217 1675 1354 1734 utramque
1366 1669 1578 1720 consuetudinem
1592 1668 1627 1722 ad
1644 1676 1714 1722 certa
1725 1669 1821 1720 indicia
1834 1675 1966 1736 quatenus
1984 1669 2046 1719 fieri

377 1761 462 1826 potnit
479 1759 592 1812 distinxi.
627 1760 728 1823 Quibus
746 1763 832 1810 eutem
845 1757 1002 1824 temporibus
1020 1755 1118 1822 singuli
1131 1754 1250 1806 consules
1263 1755 1373 1821 primum
1385 1755 1412 1806 in
1425 1772 1471 1807 sua
1483 1756 1583 1822 imperii
1600 1765 1674 1824 parte
1692 1755 1848 1824 promulgati
1865 1755 1926 1820 siut,
1945 1755 2045 1806 deiude

377 1847 443 1914 parti
461 1846 537 1898 alteri
554 1845 673 1912 nuntiati,
692 1860 849 1912 quamquam
867 1859 900 1894 ex
912 1841 1001 1895 tabula
1015 1850 1104 1894 nostra
1115 1857 1279 1908 nequaqnam
1292 1842 1329 1893 ita
1345 1843 1518 1908 cognoscitur,
1536 1849 1566 1895 ut
1583 1843 1638 1894 lieri
1651 1849 1741 1912 potest,
1753 1842 1918 1908 aliquatenus
1931 1841 2044 1892 diversi·

377 1941 441 1984 tates
453 1949 500 1984 eae
518 1950 570 1984 non
587 1949 646 1984 raro
658 1931 691 1983 ad
702 1947 788 1984 rerum
800 1930 948 1982 memoriam
962 1929 1039 1981 utiles
1051 1946 1097 1997 per
1109 1945 1165 1980 eam
1177 1929 1348 1980 declarantur.
1378 1930 1499 1981 Celemna
1511 1945 1571 1982 cum
1583 1930 1610 1980 in
1622 1930 1739 1997 partibus
1751 1929 1863 1982 Orientis
1876 1928 2045 1980 consuetudo

376 2019 438 2069 anni
463 2036 508 2086 per
527 2020 662 2084 utriusque
683 2018 853 2070 nuntiationis
875 2015 995 2068 consules
1013 2015 1177 2082 significandi
1195 2017 1227 2068 sd
1245 2022 1360 2068 emensa
1377 2033 1461 2082 usque
1478 2023 1592 2084 tempora
1609 2018 1763 2082 mtineatnr,
1786 2017 1813 2068 in
1831 2016 1974 2068 Occidente
1996 2032 2045 2081 per

375 2114 489 2172 tempora
504 2106 614 2158 Odoacri
632 2113 658 2158 et
675 2123 765 2173 regum
777 2106 920 2158 Gothorum
939 2119 1097 2171 quamquam
1115 2103 1235 2156 consules
1253 2119 1285 2156 ex
1303 2105 1408 2156 Oriente
1426 2121 1588 2171 nequaquam
1606 2105 1757 2169 reiciuntur‚
1775 2104 1802 2154 in
1819 2102 1902 2154 titulis
1920 2103 2044 2168 actisque

285 2185 287 2190 ’
376 2193 531 2244 secundaria
548 2193 685 2256 nuntiatio,
704 2192 803 2244 scilicet
820 2207 853 2243 cx
871 2191 977 2243 Oriente
995 2190 1094 2255 adlata,
1118 2205 1177 2242 raro
1195 2196 1328 2258 comparet
1345 2190 1430 2254 (adest
1447 2208 1472 2243 a.
1484 2189 1544 2244 486.
1554 2189 1615 2244 515.
1624 2189 1684 2242 517.
1696 2188 1767 2257 520),
1792 2190 1944 2258 plerumque
1968 2207 2044 2256 prae-

376 2280 475 2343 teritur,
493 2281 602 2346 ideoque
620 2280 681 2332 anni
700 2279 852 2347 plerumque
870 2278 1039 2330 enuntiantur
1057 2293 1103 2343 per
1120 2277 1225 2344 singula
1242 2277 1354 2340 nomina,
1372 2293 1451 2343 quam
1469 2279 1532 2330 anni
1550 2278 1714 2344 significandi
1727 2277 1940 2330 consuetudinem
1952 2277 2042 2328 diver-

377 2383 433 2419 sam
450 2367 546 2434 optime
564 2367 725 2434 patefaciunt
741 2365 867 2434 epistulae
884 2383 899 2416 a
917 2379 985 2431 papa
1000 2364 1138 2415 Hormisda
1156 2364 1267 2431 scriptae
1284 2364 1318 2416 ad
1331 2365 1498 2417 Anumium
1516 2366 1695 2433 imperatorem
1711 2365 1788 2416 unico
1807 2363 1921 2415 consulis
1933 2363 2042 2414 nomine

376 2453 537 2519 subscriptae
555 2460 581 2504 et
597 2451 730 2504 anastasii
752 2450 785 2502 ad
802 2450 966 2503 Hormisdam
983 2450 1144 2517 subscriptae
1161 2451 1309 2502 nominibus
1327 2451 1404 2502 binis.
1431 2452 1542 2504 Nomina
1559 2451 1605 2503 illa
1622 2451 1766 2519 singularia
1777 2451 1809 2502 ad
1822 2449 2042 2502 consuetudinem

375 2539 521 2591 Occidentis
538 2540 649 2590 formata
667 2553 726 2588 cum
745 2539 825 2589 fastos
842 2554 894 2588 non
912 2537 1023 2589 multum
1045 2537 1148 2602 iurent,
1166 2537 1201 2588 ab
1218 2537 1251 2588 iis
1269 2539 1296 2589 in
1313 2537 1440 2590 laterculo
1456 2538 1610 2590 adnotandis
1628 2539 1682 2590 iens
1702 2539 1826 2591 abstinui.

479 2624 603 2676 Consules
620 2624 666 2675 ubi
683 2623 819 2688 deficiunt,
843 2624 869 2675 id
886 2624 956 2689 quod
973 2640 1020 2690 per
1036 2629 1151 2690 tempora
1169 2624 1268 2691 imperii
1289 2624 1396 2677 meliora
1418 2641 1470 2676 non
1487 2626 1586 2688 evenit,
1613 2624 1751 2678 intervalla
1773 2626 1801 2676 in
1824 2624 1900 2676 fastis
1924 2622 2041 2690 publicis

375 2717 444 2764 reste
466 2711 588 2762 ordinatis
611 2709 766 2762 adnotantur
789 2726 836 2778 per
858 2709 995 2761 formulam
1017 2709 1134 2762 ceruales
1156 2725 1219 2776 maor
1243 2710 1364 2762 ausam
1389 2711 1487 2763 motu
1515 2711 1598 2764 nostri
1624 2710 1688 2778 (qua
1710 2712 1792 2764 utitur
1816 2710 2040 2776 chronographus

374 2816 396 2850 a
410 2794 462 2850 354
479 2799 506 2848 iu
524 2813 549 2848 a.
560 2795 612 2849 308
629 2804 656 2850 et
672 2794 734 2861 311)
753 2797 863 2848 similive
881 2799 980 2849 Graeca
997 2791 1053 2852 τοῖς
1070 2791 1212 2864 ἐσομένοις
1229 2793 1293 2864 (qua
1310 2799 1394 2850 utitur
1411 2799 1483 2852 Theo
1500 2800 1533 2851 ad
1551 2815 1576 2851 a.
1589 2797 1652 2863 351)
1676 2805 1799 2866 sequente
1822 2797 1864 2850 die
1887 2796 2039 2864 promulga-

375 2885 452 2936 tionis
470 2884 605 2937 consulum
623 2901 684 2936 mox
701 2883 898 2935 nominatorum.
934 2884 986 2934 Eae
1000 2881 1127 2934 formulae
1139 2899 1199 2934 cum
1212 2901 1264 2935 non
1282 2885 1377 2936 inciam
1394 2885 1428 2937 ad
1445 2902 1542 2938 annum
1560 2885 1751 2947 declarandum,
1768 2886 1797 2936 in
1814 2885 1897 2936 titulis
1915 2883 2039 2948 actisque

375 2989 434 3024 cum
457 2971 575 3024 consules
599 2971 665 3022 nulli
687 2977 750 3022 sunt
772 2969 813 3021 rel
838 2968 960 3022 scribenti
983 2969 1098 3022 nondum
1124 2971 1303 3033 innotuerunt,
1331 2971 1469 3023 adhibetur
1491 2972 1603 3024 formula
1621 2980 1682 3038 post
1699 2971 1815 3024 ecrandae
1837 2970 1898 3022 anni
1916 2971 2038 3038 proxime

375 3059 560 3126 praecedentis.
596 3059 633 3110 hle
651 3057 755 3123 quando
777 3055 914 3109 intervalla
936 3055 1081 3108 consularia
1098 3056 1131 3107 ad
1149 3073 1248 3108 annum
1273 3073 1353 3109 unum
1372 3058 1492 3125 pluresve
1510 3060 1675 3126 perveniunt,
1694 3060 1772 3112 etiam
1789 3061 1817 3110 in
1834 3057 1974 3110 laterculos
1991 3058 2040 3108 ad-

374 3146 453 3198 missa
479 3153 530 3209 est,
558 3145 585 3197 id
608 3145 677 3213 qnod
699 3145 810 3213 primum
837 3144 924 3196 evenit
949 3159 994 3210 per
1017 3143 1150 3196 biennium
1172 3161 1195 3196 a.
1214 3141 1365 3206 eoa-310,
1392 3145 1511 3197 consules
1536 3147 1604 3198 enim
1627 3163 1673 3214 per
1696 3163 1741 3199 eos
1765 3162 1848 3197 annos
1871 3145 1899 3194 iu
1927 3144 2040 3196 dirersis

375 3233 475 3301 imperii
499 3233 618 3300 partibus
642 3233 722 3285 creati
747 3239 837 3298 postea
855 3231 892 3283 ita
908 3230 996 3282 reiecti
1018 3238 1080 3283 sunt
1097 3247 1193 3296 omnes,
1211 3237 1242 3282 nt
1264 3231 1378 3298 legitime
1399 3233 1463 3284 anni
1481 3233 1519 3285 illi
1538 3241 1689 3286 notarentur
1706 3234 1771 3285 ulter
1790 3240 1851 3298 post
1873 3232 2039 3284 conmissum

373 3319 554 3386 (Diocletiani)
570 3320 599 3370 X
612 3328 637 3372 et
653 3317 834 3384 (discissioni)
853 3317 916 3382 VII,
934 3318 1000 3369 alter
1017 3335 1087 3368 canc
1101 3316 1138 3367 ΙΙ
1150 3325 1208 3384 poet
1224 3319 1386 3370 emundatum
1399 3319 1427 3369 Χ
1437 3329 1460 3372 et
1480 3319 1541 3372 VII.
1576 3321 1654 3373 Sexto
1672 3321 1763 3372 deinde
1779 3320 1883 3373 saeculo
1901 3336 1961 3371 cum
1975 3336 2037 3372 con-

374 3407 443 3458 sules
461 3413 603 3466 rarescunt,
620 3406 698 3458 simul
713 3406 775 3456 anni
792 3404 908 3456 continui
925 3405 1012 3471 plnres
1030 3404 1157 3471 incipiunt
1174 3405 1303 3457 enuntiari
1321 3421 1366 3471 per
1379 3406 1594 3472 postconsulatus,
1612 3409 1650 3460 ita
1661 3415 1690 3460 ut
1707 3409 1806 3475 primus
1824 3407 2036 3474 postconsulatus

374 3494 533 3560 significetur
550 3493 661 3544 iormula
678 3491 753 3543 solite
765 3499 826 3556 port
843 3491 960 3542 ceruales
978 3491 1048 3554 illos,
1067 3491 1196 3543 secundus
1213 3507 1260 3558 per
1277 3492 1413 3543 formulam
1431 3493 1523 3544 iterum
1546 3493 1640 3559 (rarius
1663 3513 1733 3546 cauo
1758 3491 1881 3558 secundo)
1898 3502 1956 3560 post
1974 3511 2036 3544 coc-

374 3581 442 3631 rulss
458 3581 527 3644 illos,
545 3580 635 3632 tertius
662 3578 700 3644 (id
717 3578 786 3644 quod
804 3577 914 3643 primum
936 3577 1024 3629 evcnit
1044 3595 1067 3628 a.
1084 3573 1146 3640 533)
1171 3593 1217 3645 per
1239 3578 1377 3630 formulam
1400 3587 1424 3630 at
1445 3579 1537 3631 iterum
1560 3579 1653 3646 (rarius
1676 3581 1777 3632 tertium
1794 3581 1837 3633 vel
1859 3597 1929 3631 carno
1949 3579 2037 3644 tertio)

370 3674 432 3732 post
448 3667 564 3718 cosmica
582 3667 650 3730 illos,
663 3672 771 3732 quartus
784 3681 829 3732 per
840 3665 976 3716 somniem
988 3673 1109 3730 quarm
1122 3663 1174 3730 (rel
1187 3681 1257 3716 cuno
1270 3664 1374 3732 quarto)
1382 3675 1444 3732 post
1455 3669 1571 3719 coronulas
1583 3667 1643 3719 illos
1661 3677 1687 3720 et
1703 3669 1741 3719 sic
1758 3669 1888 3734 deinceps.
1924 3669 2035 3720 Diversa

374 3771 420 3821 per
437 3755 549 3806 abusum
567 3753 635 3820 (vide
653 3769 721 3819 quae
738 3752 846 3818 exposui
864 3768 941 3803 neusa
959 3751 1056 3804 Asclaio
1075 3750 1115 3819 16,
1128 3751 1162 3804 55
1179 3761 1269 3806 contra
1286 3755 1405 3806 &seium
1428 3755 1504 3806 inser.
1523 3754 1610 3808 christ
1628 3757 1640 3806 Ι
1658 3773 1683 3823 p.
1696 3754 1819 3821 XLVII),
1838 3755 1883 3806 sed
1901 3771 1961 3806 eum
1980 3772 2034 3807 non

373 3839 562 3904 infrequentem
585 3840 793 3905 postconsulatus
814 3845 982 3890 numerantur
1004 3841 1186 3906 comprehenso
1204 3841 1340 3893 consulatu
1358 3841 1415 3908 ipso
1436 3843 1525 3908 itaque
1544 3844 1657 3895 numeris
1680 3844 1775 3895 unione
1793 3845 1890 3907 auctis;
1919 3843 2034 3908 exempli

373 3926 459 3992 gratia
475 3926 536 3976 anni
548 3922 607 3977 541.
621 3923 672 3976 542
689 3926 802 3992 legitime
820 3926 984 3993 appellantur
997 3926 1100 3978 Basilio
1118 3929 1221 3980 connais
1239 3935 1333 3995 etpost
1344 3931 1505 3981 corunlutum
1517 3931 1621 3995 Basilii,
1638 3931 1682 3982 sed
1695 3938 1802 3997 possunt
1816 3932 1876 3983 item
1889 3931 2034 3995 significari

373 4011 490 4063 formulis
502 4009 599 4062 Basilii
616 4029 686 4062 carno
700 4013 787 4077 prime
804 4019 831 4066 et
846 4022 904 4078 post
921 4015 1083 4066 emendatum
1095 4013 1191 4066 Basilii
1207 4033 1278 4068 suno
1296 4018 1415 4069 racundo.
1433 4043 1468 4054 -
1486 4019 1565 4070 ludex
1584 4019 1628 4084 qui
1646 4020 1763 4084 sequitur
1775 4025 1805 4071 ut
1822 4017 2032 4085 postconsulatus

374 4097 550 4168 inlaterculis
567 4097 701 4150 adnotatos
718 4099 831 4164 admisit,
855 4100 891 4151 ita
908 4117 941 4151 ex
958 4100 1166 4153 adnotationibus
1184 4103 1240 4153 eius
1257 4103 1372 4168 generis,
1395 4119 1460 4169 quas
1479 4105 1574 4171 passim
1597 4105 1694 4157 habent
1712 4105 1780 4157 tituli
1797 4112 1914 4170 actaque,
1932 4120 2033 4171 paucas

375 4189 475 4235 tantum
493 4185 597 4252 recepit.

477 4271 610 4323 Annorum
629 4287 674 4337 per
689 4271 824 4322 consulum
841 4272 947 4323 nomina
964 4272 1179 4324 enuntiandorum
1198 4275 1357 4326 cousuetudo
1374 4275 1490 4341 legitima
1506 4277 1585 4327 urtica
1602 4278 1696 4328 mansit
1714 4277 1741 4328 in
1756 4277 1902 4345 republica
1913 4279 2033 4328 Romana

374 4373 456 4422 usque
473 4356 507 4408 ad
524 4373 548 4408 a.
567 4374 591 4424 ρ.
603 4358 663 4410 Chr.
676 4355 736 4410 53¹1.
771 4359 808 4409 ao
826 4375 895 4410 anno
912 4360 1073 4412 lustinisnus
1095 4361 1188 4412 emissa
1205 4362 1388 4414 constitutione
1406 4361 1476 4426 (nov.
1489 4360 1534 4425 47)
1552 4364 1714 4417 consularem
1736 4365 1894 4418 notationem
1915 4382 1967 4416 non
1986 4366 2031 4416 ah

373 4445 465 4506 olevit,
488 4445 532 4496 scd
557 4447 619 4496 anni
637 4446 849 4512 significationem
872 4448 1012 4512 legitimam
1035 4449 1176 4515 triplicavit
1196 4450 1302 4503 adiectis
1324 4453 1399 4502 annis
1422 4459 1473 4504 tam
1496 4453 1643 4504 indictionis
1665 4469 1744 4518 qnam
1768 4451 1936 4519 imperatoriis
1959 4450 2031 4515 (vide

373 4547 438 4596 qnae
455 4531 562 4598 exposui
580 4547 657 4584 usuca
676 4529 772 4585 Archiv
790 4532 823 4585 16
846 4552 870 4602 ρ.
883 4533 917 4587 54
929 4533 987 4602 sq).
1022 4537 1122 4588 Horum
1140 4555 1267 4589 annornm
1288 4539 1479 4591 enuntiationes
1497 4540 1647 4592 consulares
1666 4540 1744 4591 index
1762 4544 1945 4607 repraesentat,
1965 4555 2031 4604 qua·

372 4623 448 4668 tenus
466 4618 493 4668 in
510 4617 641 4670 laterculis
659 4621 752 4671 nostris
769 4620 945 4675 inveniuntur.
982 4624 1110 4690 Excerpta
1128 4640 1160 4674 ex
1178 4624 1241 4675 actis
1259 4625 1393 4692 titulisque
1410 4625 1444 4676 ad
1462 4625 1530 4677 hanc
1548 4627 1653 4678 tabulae
1670 4633 1770 4694 partem
1788 4643 1840 4678 non
1857 4625 1951 4689 addidi,
1969 4642 2030 4678 cnm

373 4711 475 4772 propter
492 4705 662 4758 indictionum
679 4722 763 4759 annos
780 4714 806 4760 et
823 4709 1001 4776 imperatorios
1017 4710 1130 4762 adiectos
1148 4711 1276 4784 diversam
1294 4713 1472 4765 tractationem
1491 4713 1631 4778 requirant
