4554 6316
846 428 876 482 A.
896 426 1275 483 GXXXVssl-OCCLXXII.
1825 433 1885 496 361

233 623 305 667 cum
337 601 560 666 astronomicis
589 600 774 666 coniunctas
805 601 903 666 fuisse
934 607 1071 686 oportet.
1126 601 1209 666 hunc
1234 601 1446 687 Serapionem
1477 608 1534 666 aut
1561 602 1669 666 omnia
1693 603 1808 668 fallunt
1832 611 1889 668 aut

233 704 373 772 eundem
407 725 478 770 esse
514 704 717 770 censebimus
748 710 848 793 atque
880 706 986 791 operis
1018 702 1058 769 de
1092 705 1295 791 geographia
1325 706 1531 791 scriptorem,
1554 705 1642 791 quod
1664 713 1700 772 ut
1723 713 1798 772 tunc
1820 708 1888 772 fere

234 810 391 896 optimum
415 808 564 874 Ciceroni
587 829 616 874 a.
634 811 674 873 59
698 829 728 873 a.
745 807 819 874 Ohr.
844 808 885 874 ab
909 807 1018 874 Attico
1051 809 1313 874 commendatum
1343 815 1377 874 et
1406 810 1447 874 ab
1477 816 1605 875 oratore
1628 818 1762 897 propter
1783 833 1889 877 rerum

233 913 456 978 difficultatem
489 934 569 978 mox
602 913 765 978 abiectum
798 912 944 978 videmus
978 913 1071 1000 epist.
1102 912 1145 976 ad
1172 911 1441 980 malleato.
1500 913 1648 979 audimus
1675 915 1721 979 ibi
1744 915 1837 1000 (116,
1859 916 1888 1000 1)

231 1017 482 1083 Eratosthenem
513 1020 543 1082 ‘a
566 1017 744 1103 Serapione
769 1025 802 1082 et
825 1017 866 1082 ab
889 1015 1090 1102 Hipparcho’
1115 1017 1210 1082 valde
1234 1017 1443 1103 reprehendi:
1475 1019 1562 1105 quod
1589 1041 1741 1106 quorsum
1764 1027 1891 1107 spectet

233 1123 327 1186 facile
344 1121 569 1206 intellegimus.
602 1121 810 1186 Eratostheni
824 1143 896 1187 cum
910 1122 1116 1207 gravissimus
1129 1120 1332 1185 adversarius
1346 1121 1554 1209 Hipparchus
1571 1125 1716 1189 extiterit
1728 1125 1761 1206 ¹),
1775 1125 1888 1190 Cicero

147 1249 154 1256 ·
233 1233 342 1291 autem
366 1246 386 1289 a
409 1224 588 1289 difficiliore
611 1226 751 1290 lectione
775 1226 904 1289 omnino
928 1225 1148 1300 abhorruerit,
1171 1226 1243 1289 luce
1267 1227 1383 1290 clarius
1414 1233 1463 1291 est
1492 1226 1672 1314 Hipparchi
1701 1227 1741 1292 da
1772 1227 1888 1292 Erato-

233 1331 347 1396 sthene
376 1329 566 1415 geographo
595 1327 713 1393 iudicia
735 1328 884 1394 Ciceroni
906 1349 970 1392 uon
993 1326 1125 1392 aliunde
1158 1335 1235 1391 nota
1264 1328 1361 1394 luisse
1386 1350 1482 1416 quam
1510 1351 1552 1395 ex
1582 1331 1768 1417 Serapionis
1790 1331 1889 1395 libris.

233 1455 312 1520 ergo
335 1432 580 1519 Hipparcheam
603 1433 739 1519 Serapio
763 1433 997 1519 geographiam
1022 1434 1274 1518 exploraverat,
1298 1432 1522 1499 Antiochenus
1546 1435 1600 1499 ille
1625 1456 1688 1521 quo
1711 1435 1834 1499 Plinius
1856 1435 1889 1498 in

231 1545 297 1603 nat.
321 1539 394 1602 hist.
417 1537 506 1602 libris
532 1537 573 1602 ll.
597 1537 654 1602 lv.
678 1538 708 1602 V
732 1559 767 1602 se
791 1538 838 1602 uti
860 1538 1039 1623 profitetur.
1086 1537 1226 1602 eundem
1250 1558 1309 1623 par
1333 1545 1383 1602 est
1406 1537 1601 1624 Hipparchi,
1633 1539 1769 1603 fortasse
1794 1558 1888 1624 prae-

233 1643 387 1728 ceptoris,
411 1643 509 1706 etiam
538 1643 571 1706 in
595 1643 792 1706 astronomia
814 1642 952 1727 vestigia
980 1641 1109 1726 legisse.
1156 1641 1245 1706 cuius
1268 1647 1304 1705 ut
1325 1642 1472 1706 sommus
1502 1642 1543 1707 de
1567 1643 1644 1706 solis
1666 1641 1888 1728 magnitudine

233 1747 426 1812 sententiam
437 1745 475 1833 ²),
498 1747 544 1811 ita
567 1747 666 1810 etiam
689 1747 816 1811 tabulas
841 1747 1009 1811 manuales
1033 1747 1131 1810 fuisse
1160 1767 1245 1810 nuuc
1268 1767 1288 1809 a
1311 1745 1445 1811 Theona
1470 1745 1634 1812 docemur.
1680 1766 1760 1832 quas
1782 1753 1888 1811 utrum

231 1852 301 1936 ipse
325 1850 446 1935 primus
469 1851 675 1936 conposuerit
697 1871 740 1914 ex
755 1850 935 1936 Hipparchi
957 1850 1173 1915 voluminibus
1197 1855 1370 1936 excerptas
1389 1872 1430 1914 au
1447 1851 1541 1915 huius
1556 1851 1744 1937 exemplum
1760 1857 1889 1916 secutus

232 1956 282 2037 sit,
306 1955 339 2018 in
360 1953 469 2020 medio
492 1955 649 2041 relinquo,
673 1975 733 2020 nee
757 1956 892 2019 multum
915 1955 1027 2020 relert.
1072 1955 1151 2019 satis
1175 1960 1225 2019 est
1249 1954 1336 2040 quod
1352 1957 1569 2040 conprobasse
1591 1956 1670 2020 mihi
1684 1937 1808 2036 videor,
1825 1956 1889 2019 iam

231 2060 264 2123 in
286 2058 467 2146 Hipparchi
490 2059 601 2124 schola
623 2059 806 2124 tabularum
828 2059 1026 2124 manualium
1049 2060 1198 2145 syllogen
1222 2059 1378 2123 extitisse.

336 2163 415 2228 Post
437 2145 663 2229 Ptolemaeum
691 2184 773 2228 unus
799 2165 832 2228 in
862 2164 991 2228 scholiis
1015 2163 1197 2229 tabularum
1230 2162 1403 2228 adnotatur
1430 2163 1588 2251 Pappus
1610 2162 1850 2228 Alexandrinus
1862 2163 1888 2246 ³)

232 2267 279 2331 vir
302 2267 603 2332 mathematicorum
632 2269 823 2333 collectione
852 2268 1049 2353 amplissima
1079 2267 1167 2332 edita
1200 2267 1441 2349 meritissimus,
1465 2287 1562 2352 quem
1586 2273 1712 2332 constat
1735 2267 1833 2331 etiam
1857 2267 1889 2330 in

230 2371 414 2435 Ptolemaei
441 2372 591 2456 syntaxiu
620 2393 773 2458 magnam
800 2378 1053 2438 commentatum
1083 2370 1205 2457 esse4).
1251 2371 1311 2436 sed
1332 2372 1382 2436 his
1411 2371 1530 2436 tabulis
1559 2371 1665 2457 Pappi
1688 2391 1807 2435 nomen
1830 2369 1888 2434 ad-

177 2505 187 2518 ·
232 2474 327 2539 scribi
350 2495 414 2538 non
437 2475 559 2561 potuit,
582 2477 642 2540 nisi
670 2475 710 2540 da
734 2477 780 2541 eis
802 2477 881 2562 ipsis
903 2477 989 2542 hene
1011 2483 1184 2542 memerat.
1236 2477 1335 2563 igitur
1365 2477 1532 2564 proximus
1566 2475 1672 2541 editor
1695 2475 1788 2540 Theo
1813 2474 1888 2539 dum

231 2579 337 2665 Pappi
365 2581 534 2666 exemplar
561 2587 730 2662 retractat,
762 2582 898 2668 imperio
926 2582 1139 2661 Diocletiani,
1175 2581 1234 2645 sub
1268 2601 1331 2667 quo
1361 2581 1416 2646 ille
1444 2580 1563 2646 tabulis
1586 2600 1719 2667 operam
1743 2579 1889 2661 dederat,

231 2682 337 2769 Pappi
365 2703 483 2748 nomen
512 2682 682 2771 adscripsit
709 2683 844 2770 perinde
874 2691 972 2771 atque
1001 2684 1136 2771 Pappus
1164 2704 1265 2770 reguo
1297 2684 1453 2749 Antonini
1476 2684 1528 2750 Pii
1550 2704 1670 2750 nomen
1694 2684 1889 2765 Ptolemaei,

232 2787 355 2852 scilicet
384 2795 420 2852 ut
448 2789 602 2854 terminus
630 2796 843 2876 pungeretur,
876 2811 939 2875 quo
973 2810 1077 2875 usque
1110 2789 1263 2855 decessor
1292 2795 1405 2854 auctor
1438 2795 1525 2854 esset
1552 2795 1585 2852 et
1614 2787 1700 2852 unde
1724 2808 1891 2854 successor

232 2891 376 2957 tabulam
407 2893 640 2979 imperatorum
673 2893 860 2958 continuare
895 2895 1066 2979 coepisset.
1126 2894 1334 2959 observatum
1370 2893 1446 2958 olim
1476 2899 1526 2957 est
1557 2894 1590 2957 in
1620 2913 1734 2978 regum
1766 2913 1889 2958 canone

232 3015 383 3060 numeros
411 3018 537 3061 summa
563 3018 635 3062 eum
665 3019 741 3062 eura
772 3003 805 3062 et
834 2997 898 3062 lide
927 2998 1062 3063 indicari
1090 3019 1194 3084 usque
1218 2998 1260 3064 ad
1283 2996 1539 3079 Diocletianum,
1562 3003 1638 3082 post
1661 3017 1735 3061 eum
1757 3002 1890 3082 propter

234 3119 359 3164 errores
382 3101 587 3166 intermixtos
610 3103 761 3167 incolumi
784 3101 849 3166 fide
873 3103 1017 3168 tabulam
1041 3103 1199 3188 carere5).
1245 3104 1308 3167 hoc
1330 3103 1428 3188 igitur
1450 3122 1515 3166 non
1538 3101 1716 3166 errabimus
1733 3101 1760 3164 si
1776 3101 1890 3187 Pappo

233 3203 346 3269 deberi
369 3210 557 3287 statuemus,
582 3207 636 3292 qui
659 3227 772 3292 regum
797 3227 953 3272 canonem
977 3208 1019 3272 ab
1041 3207 1207 3272 Antonino
1231 3227 1332 3292 usque
1356 3205 1399 3270 ad
1421 3205 1664 3270 Diocletianum
1689 3203 1833 3268 deduxit.

333 3308 483 3395 Pappum
516 3311 637 3397 excipit
666 3310 774 3375 Theo
802 3309 1052 3376 Alexandrinus.
1106 3331 1147 3376 ue
1176 3311 1261 3375 hunc
1291 3309 1422 3396 quidem
1454 3308 1638 3394 Hesychius
1668 3307 1788 3372 Suidae
1819 3306 1888 3372 edi-

231 3409 315 3476 disse
333 3410 460 3476 tabulas
476 3415 643 3478 manuales
658 3419 795 3479 testatur
817 3414 877 3478 aed
899 3408 947 3492 είς
968 3407 1026 3480 τόν
1042 3409 1252 3498 Πτολεμαίου
1276 3407 1451 3498 πρόχειρον
1473 3404 1597 3477 κανόνα
1620 3413 1889 3477 commentarium

231 3517 405 3601 scripsisse.
451 3516 589 3581 vidimus
606 3518 651 3603 (p.
670 3519 744 3598 360,
763 3520 796 3599 2)
814 3517 976 3602 duplicem
991 3517 1154 3605 hodieque
1170 3517 1313 3582 Theonis
1329 3517 1597 3582 commentarium
1615 3517 1756 3598 exstare,
1773 3517 1887 3602 ampli—

231 3639 321 3685 orem
344 3620 485 3707 quinque
511 3621 602 3686 libris
630 3623 845 3708 explicatum,
869 3642 1004 3707 quorum
1034 3623 1129 3709 primi
1151 3622 1279 3688 Eulalio
1304 3628 1337 3687 et
1360 3621 1495 3707 Origeni
1522 3620 1685 3707 discipulis
1707 3619 1887 3685 inscribun-

230 3730 295 3806 tur,
331 3731 462 3810 quartus
495 3723 678 3812 Epiphanio
711 3723 855 3811 (quintus
883 3726 1010 3811 periit),
1042 3726 1226 3792 breviorem
1260 3724 1446 3790 monobiblo
1477 3725 1654 3802 inclusum,
1679 3722 1785 3789 eidem
1809 3722 1887 3810 Epi-

231 3829 350 3915 phanio
375 3828 569 3910 dedicatum,
593 3837 666 3915 post
690 3851 770 3915 opus
794 3831 897 3894 maius
920 3831 1059 3895 tironum
1083 3851 1183 3894 causa
1205 3831 1406 3916 scriptum⁶).
1453 3829 1518 3893 iam
1541 3828 1719 3914 Hypatiam
1743 3827 1888 3892 Theonis

337 4091 358 4156 ¹)
376 4092 468 4144 Strabo
486 4093 511 4142 11
530 4109 552 4159 p.
567 4090 600 4143 76
610 4109 647 4158 sq.
660 4092 695 4144 al.
707 4093 740 4142 cl.
753 4093 787 4142 H.
797 4093 901 4157 Berger,
914 4090 964 4142 Dic
975 4089 1194 4157 yaopraphiaclzen
1204 4087 1359 4157 Frapmaote
1371 4089 1416 4142 dea
1426 4087 1565 4156 ΗίμμαυεΙι
1577 4089 1648 4156 Lips.
1662 4085 1737 4141 1869.
1808 4088 1830 4153 ¹)
1849 4092 1887 4141 Cf.

231 4179 264 4229 ll.
283 4178 356 4230 Diels
373 4180 406 4231 atl
424 4180 612 4246 Doxographos
624 4195 730 4246 graecos
744 4197 768 4246 p.
781 4177 815 4230 63
828 4179 887 4230 adn.
898 4175 923 4229 2.
995 4176 1016 4240 ⁸)
1033 4179 1073 4229 Do
1086 4185 1199 4244 tempore
1212 4179 1293 4244 Pappi
1306 4177 1446 4230 credebant
1459 4177 1554 4228 Suidae
1569 4170 1681 4232 Πάππας
1693 4169 1887 4242 Ἀλεξανδρεύς,

230 4260 383 4330 φιλόσοφος
400 4265 522 4331 γεγονώς
539 4263 609 4315 κατα
631 4263 680 4317 τόν
703 4262 888 4333 πρεσβύτερον
910 4261 1057 4315 Θεοδόσιον
1080 4261 1127 4315 τόν
1149 4263 1273 4328 βασιλέα,
1296 4259 1342 4316 ὅτε
1364 4261 1410 4314 καί
1429 4263 1504 4314 Θέων
1521 4261 1537 4312 ό
1556 4260 1711 4331 φιλόσοφος
1733 4257 1887 4329 ἢνμαζενό

229 4346 340 4416 γράψας
358 4352 396 4408 είς
414 4349 461 4402 τόν
479 4350 649 4420 Πτολεμαίου
666 4349 770 4403 κανόνα
788 4361 814 4405 at
832 4349 906 4401 Θέων
924 4349 940 4400 ό
959 4348 989 4402 ἐκ
1008 4350 1055 4401 τού
1074 4347 1219 4414 Μουσείου,
1239 4347 1395 4416 Αἰγύπτιος,
1415 4347 1577 4418 φιλόσοφος,
1596 4346 1749 4420 σύγχρονος
1767 4347 1796 4399 δὲ
1810 4346 1886 4400 Πάπ-

229 4452 272 4504 πῳ
290 4435 328 4507 τῷ
345 4433 491 4505 φιλοσόφῳ
510 4433 556 4488 καί
575 4433 649 4510 αύτῷ
665 4433 845 4506 Ἆλεξανδρεῖ·
864 4435 1018 4504 ἐτύγχανον
1037 4434 1062 4486 δ
1080 4429 1234 4506 άμφότεροι
1253 4433 1297 4488 ἐπὶ
1317 4435 1463 4488 Θεοδοσίου
1480 4434 1610 4502 βασιλέως
1627 4435 1677 4486 τού
1694 4436 1885 4505 πρεσβυτέρου,

229 4523 308 4574 errori
326 4524 403 4575 etiam
423 4526 516 4577 iterata
533 4526 711 4578 adfirmatione
729 4527 864 4578 veritatem
882 4542 934 4577 non
952 4526 1119 4578 adstruxeris.
1156 4542 1215 4576 nam
1234 4533 1343 4593 apparat
1365 4526 1440 4576 fidem
1465 4525 1541 4576 unice
1558 4532 1764 4576 astronomorum
1783 4525 1886 4576 tabulae

229 4609 374 4660 habendam
402 4625 469 4674 esse,
497 4627 562 4677 quae
588 4615 706 4680 Pappum
733 4613 889 4666 Diocletiani
916 4613 1022 4680 imperio
1050 4612 1177 4664 adiunxit.
1219 4613 1252 4663 cs.
1270 4629 1338 4678 quaa
1362 4613 1394 4663 de
1417 4612 1467 4662 hac
1492 4628 1519 4662 re
1543 4611 1652 4663 disserui
1670 4611 1752 4662 musei
1770 4611 1886 4663 Rhanani

229 4697 373 4746 tXXVIll
390 4713 415 4763 p.
428 4694 480 4748 403
487 4715 524 4763 sq.
598 4699 618 4762 ⁴)
636 4700 729 4752 Suidae
747 4701 814 4751 inter
832 4701 887 4752 aius
906 4699 985 4751 libros
1003 4700 1081 4751 relart
1098 4698 1136 4755 εἰς
1155 4695 1189 4749 τά
1205 4682 1227 4747 δ
1241 4693 1330 4762 βιβλία
1348 4696 1395 4762 τῆς
1414 4693 1584 4766 Πτολεμαίου
1601 4693 1723 4764 μεγάλης
1735 4693 1887 4755 συντάξεως

228 4779 388 4851 δπόμνημα.
424 4784 468 4834 sed
486 4785 556 4836 ultra
574 4785 591 4837 l.
604 4787 641 4836 IV
658 4787 742 4853 Pappi
760 4803 838 4854 opera
856 4787 988 4853 pertinuit,
1007 4803 1066 4836 cum
1085 4785 1115 4836 ad
1135 4784 1187 4836 l.V
1206 4785 1256 4836 duo
1275 4787 1421 4851 fragmenta
1438 4787 1628 4837 commentariis
1641 4785 1757 4838 Theonis
1770 4785 1885 4836 Basileus

228 4887 251 4921 a.
265 4866 333 4922 15³8
350 4870 426 4921 editis
449 4872 644 4938 interponantur
662 4889 686 4939 p.
698 4871 748 4924 231
768 4881 794 4924 at
810 4869 870 4924 245.
906 4874 1042 4938 utriusqus
1060 4873 1235 4924 commentarii
1254 4872 1412 4923 celeberrimi
1431 4880 1504 4923 erant
1521 4879 1547 4923 et
1561 4873 1669 4924 sortasse
1681 4873 1742 4922 olim
1754 4873 1885 4924 coniuncti

228 4965 255 5008 et
275 4958 463 5022 quodammodo
487 4960 665 5023 containinati,
691 4961 759 5012 unda
783 4967 822 5011 ast
841 4961 910 5026 apud
934 4960 1098 5012 Theodorum
1120 4960 1306 5011 Malitanictam
1325 4961 1367 5022 (cl.
1387 4959 1506 5025 symbola
1524 4959 1556 5009 ad
1575 4959 1633 5010 hist.
1652 4965 1747 5010 astron.
1766 4976 1790 5024 p.
1806 4956 1849 5020 10)
1869 4954 1885 5006 o'

227 5040 340 5093 uriarum
355 5040 476 5112 μάλιστα
494 5042 643 5113 φιλόπονός
661 5041 753 5097 τεκαὶ
773 5043 928 5112 φιλαλήθης
946 5037 1016 5112 άνὴρ
1026 5039 1188 5114 Ἵππαρχος,
1206 5032 1307 5113 ᾗφησι
1320 5042 1486 5108 Πτολεμαῖος
1504 5045 1548 5108 (m.
1567 5051 1634 5111 synt.
1655 5043 1732 5108 1111)
1753 5040 1798 5093 καὶ
1816 5043 1884 5111 με’ν-

228 5144 270 5179 τοι
289 5125 401 5186 Πάππος
420 5128 511 5182 τεκαὶ
531 5131 606 5182 Θέων
624 5131 667 5195 (cs.
686 5149 777 5184 comm.
796 5149 820 5199 p.
834 5130 895 5196 374)
915 5129 941 5182 ci
961 5127 1140 5197 Πτολεμαϊκοὶ
1159 5127 1249 5198 φάναι
1272 5127 1398 5197 διάδοχοι
1422 5131 1463 5196 (cl.
1477 5132 1494 5182 l.
1513 5149 1533 5182 s.
1553 5149 1576 5198 p.
1589 5128 1624 5192 9).
1715 5129 1735 5194 ⁸)
1754 5133 1783 5181 L.
1803 5131 1885 5183 ldelar

226 5213 326 5269 Hister.
351 5217 450 5269 [haara.
470 5235 494 5286 p.
508 5217 541 5270 42
565 5217 713 5270 Haudduclt
732 5217 815 5270 1114.
922 5217 942 5284 1)
960 5220 1067 5270 Brevior
1090 5220 1288 5270 commentarius
1313 5219 1404 5286 incipit
1430 5219 1464 5285 (p.
1479 5214 1514 5270 a?
1532 5217 1631 5282 Halm.)
1647 5214 1676 5267 ‘ll
1692 5216 1746 5284 μὲν
1769 5216 1884 5284 λογικω-

227 5299 293 5370 τέρα
315 5297 416 5370 ἔφοδος
438 5302 486 5372 τῆς
504 5300 549 5355 διά
567 5301 623 5356 τῶν
639 5300 795 5373 προχείρων
813 5299 939 5353 κανόνων
962 5299 1145 5373 ψηφοφορίας
1167 5302 1222 5354 τῶν
1245 5295 1375 5374 α’στέρων,
1400 5300 1496 5354 τέκνον
1510 5296 1652 5371 Ἐπιφόνιε
1675 5305 1781 5368 (eisdem
1799 5305 1885 5355 vorbis

227 5404 286 5440 eum
309 5391 386 5441 etiam
404 5392 431 5443 in
448 5392 581 5458 amplioris
593 5393 769 5444 commentarii
788 5392 804 5442 l.
818 5391 855 5442 lV
872 5391 1007 5442 adlocutus
1019 5399 1074 5442 arat
1085 5391 1108 5440 V
1120 5387 1187 5442 340v
1205 5393 1233 5442 M
1246 5389 1312 5456 87¹),
1330 5389 1448 5456 γέγονεν
1465 5387 1533 5458 ἡμίν
1552 5388 1588 5440 δι’
1600 5384 1737 5459 άκριβείας
1755 5387 1785 5442 ἐν
1803 5391 1884 5442 πέντε

227 5471 338 5540 βιβλίοις
364 5473 395 5527 ἐν
420 5473 504 5546 ἑτέρῳ
528 5475 738 5547 συγγράμματι·
767 5474 798 5529 ἐν
825 5473 911 5545 τούτῳ
939 5474 971 5540 δ,
995 5473 1091 5543 ἐπειδη
1112 5474 1139 5526 οἱ
1160 5473 1281 5528 πλεῖστοι
1307 5475 1363 5527 τῶν
1382 5473 1553 5545 προσιόντων
1575 5473 1643 5543 η’μίν
1666 5473 1734 5544 πρός
1761 5475 1811 5543 τήν
1838 5475 1885 5543 τῆς

228 5558 354 5627 τοιαύτης
377 5559 554 5621 διδασκαλίας
578 5563 704 5633 μάθησιν
729 5561 801 5632 μετά
826 5563 876 5615 τού
901 5560 973 5630 μηδὲ
993 5560 1047 5620 τοῖς
1063 5560 1334 5629 πολλαπλασιασμοῖς
1356 5559 1375 5630 ἧ
1396 5561 1541 5632 μερισμοῖς
1565 5563 1619 5615 τῶν
1638 5557 1767 5632 άριθμών
1785 5561 1885 5622 ίκανιῦς

226 5648 447 5714 παρακολουθεῖν
468 5648 606 5703 δύνασθαι
628 5649 668 5704 ἔτι
685 5649 731 5703 καί
750 5646 867 5721 ἀμύητοι
886 5648 1045 5702 παντάπασι
1063 5650 1118 5701 τῶν
1135 5650 1302 5720 γραμμικῶν
1321 5648 1432 5708 δείξεων
1455 5646 1654 5717 τυγχάνουσιν,
1673 5647 1884 5718 ἐσπουδάσαμεν

227 5728 270 5788 καί
290 5733 359 5804 πρός
377 5734 488 5798 τούτους
506 5739 576 5790 κατά
595 5737 625 5790 ro*
644 5736 764 5790 δυνατόν
780 5734 1003 5808 μεδοδικυίτερον
1022 5733 1313 5806 ύπομνηματίσασθαι,
1333 5734 1416 5802 ψιλάς
1434 5732 1481 5794 τάς
1500 5733 1618 5806 ἐφόδους
1636 5735 1758 5801 τιθέντες
1776 5735 1830 5790 κτλ.
