4552 6308
930 344 1176 400 unnrnrrnva
1817 350 1879 413 433

229 519 347 604 oportit
369 519 536 607 inspicere,
563 519 724 606 quomodo
747 521 780 585 in
803 541 838 586 se
862 521 1080 586 consecrando
1104 521 1243 586 ecclesia
1258 521 1376 606 grados
1393 521 1462 586 eius
1482 542 1542 608 per
1557 523 1699 608 singulos
1716 544 1878 588 commen-

230 621 364 704 daverit,
387 623 420 688 id
444 629 494 688 est
514 644 575 710 per
596 646 656 688 sax
678 624 779 710 grada
795 625 892 690 officii
915 626 1161 713 mancipandum
1179 631 1213 690 et
1234 626 1347 690 altario
1364 625 1583 705 sanciendum,
1607 625 1640 691 id
1656 633 1705 691 est
1721 627 1878 708 ostiarius,

229 725 391 808 fossarius,
414 728 525 810 lector,
549 728 773 812 subdiaconus,
798 729 960 813 diaconus,
983 731 1154 818 presbyter
1176 736 1210 794 et
1233 731 1411 816 episcopus.
1449 730 1509 794 hos
1525 751 1585 793 sex
1600 730 1718 815 grados
1734 731 1880 816 implevit

229 829 375 895 Christus
397 832 430 896 iu
454 853 559 897 carne.
603 853 678 897 nam
701 833 871 898 hostiarius
894 835 962 916 fuit,
987 835 1114 921 quando
1139 835 1255 899 ostium
1279 834 1396 900 archae
1419 835 1548 920 aperuit
1568 841 1602 899 et
1622 836 1739 900 iterum
1756 823 1897 900 clausit‘

189 947 200 984 ⁵
229 935 381 1000 fossarius
411 936 484 1018 fuit,
516 937 643 1023 quaudo
667 937 825 1002 Lazarum
856 938 896 1004 de
928 946 1135 1005 monumento
1167 943 1280 1025 quarto
1311 939 1374 1002 iam
1403 938 1539 1003 fetidum
1572 939 1728 1004 evocavit.
1778 938 2022 1005 lectorennco.

230 1039 298 1122 fuit,
322 1039 449 1124 quaudo
472 1041 588 1105 librum
612 1040 729 1106 Esaiae
752 1043 931 1129 prophetae
954 1045 988 1108 in
1009 1043 1117 1109 medio
1142 1062 1329 1129 synagogae
1352 1043 1385 1106 in
1407 1063 1502 1106 aures
1525 1044 1613 1129 plevi
1636 1044 1776 1129 aperuit,
1799 1043 1881 1128 legit
1890 1069 1975 1121 ruer,
1987 1075 2018 1114 rr.

230 1150 357 1208 etcum
382 1144 586 1231 replicnirrit,
609 1146 753 1211 ministro
777 1146 917 1212 tradidit.
962 1146 1179 1212 subdiaconus
1202 1145 1279 1228 fuit,
1303 1144 1431 1231 quando
1456 1167 1540 1232 aqua
1563 1148 1594 1211 in
1619 1147 1714 1232 pelve
1738 1148 1824 1214 misit
1847 1153 1880 1211 et
1890 1171 1936 1216 ιοι.
1949 1178 2007 1222 aa.

229 1249 393 1313 humiliter
422 1269 479 1312 aua
506 1255 622 1335 sponte
647 1249 751 1335 pedes
780 1250 1007 1337 discipolorum
1034 1251 1122 1316 lavit.
1175 1249 1329 1314 diaeunus
1359 1249 1434 1330 fuit,
1465 1250 1592 1336 quando
1620 1251 1754 1315 calicem
1777 1251 1878 1316 bene·
1890 1266 1944 1308 Luc·
1954 1271 1987 1317 ιι,
1999 1271 2029 1310 ιι.
2043 1271 2075 1309 ιιιΙ

231 1353 313 1420 dixit
335 1357 369 1416 et
391 1353 545 1438 apostolis
568 1353 632 1417 suis
656 1353 698 1419 ad
720 1354 896 1420 bibendum
919 1356 1074 1442 porrexit.
1119 1352 1290 1441 presbyter
1313 1353 1389 1435 fuit,
1420 1353 1548 1439 quando
1572 1375 1689 1440 panem
1713 1353 1881 1420 benedixit

181 1468 204 1506 ¹⁰
232 1464 266 1522 at
293 1457 339 1520 eis
369 1456 517 1521 similiter
546 1456 686 1522 tradidit.
734 1461 903 1545 episeopus
932 1459 1006 1541 fuit,
1039 1457 1167 1545 quando
1191 1457 1368 1542 intemplo
1392 1459 1545 1545 populos,
1581 1459 1662 1523 sieut
1684 1447 2054 1550 potesatemlssflgqlhf·

207 1559 364 1641 babens,
388 1580 445 1624 eos
468 1580 603 1644 regnum
627 1560 680 1625 dei
702 1560 851 1627 docebat.
897 1563 1035 1628 ethaeo
1058 1561 1188 1650 quidem
1212 1562 1310 1626 etiam
1331 1567 1460 1626 sanctus
1482 1561 1625 1648 Ephrem
1650 1568 1881 1627 commemorat

232 1663 386 1729 similiter.

335 1771 385 1831 20.
409 1766 493 1832 Nam
518 1767 603 1854 quod
626 1791 645 1832 a
667 1771 797 1857 proprio
814 1771 969 1858 discipolo
985 1771 1084 1836 XXX
1101 1771 1265 1857 argenteis
1281 1769 1484 1835 venundatur
1499 1770 1639 1854 Iudaeis,
1663 1777 1738 1836 ante
1755 1773 1880 1858 presig·
1892 1777 1970 1873 {lqfflp
1981 1781 2056 1876 ἐξὲξ.-

231 1876 342 1935 ιιειιιιιι
372 1877 422 1935 εει
452 1872 485 1935 in
514 1872 634 1958 Ioseph
665 1895 684 1936 a
714 1876 778 1938 suis
812 1877 964 1941 fratribus
999 1875 1194 1941 Ismahelitis
1223 1874 1404 1940 distractus.
1456 1874 1542 1960 quod
1576 1881 1685 1940 autem
1715 1876 1834 1961 ligatus
1862 1897 2098 1942 arenarios.

182 1991 205 2028 ιι
232 1973 383 2039 ministris
405 1974 611 2039 Hehreorum
635 1975 826 2061 discribitur,
854 1987 889 2044 ut
912 2001 969 2045 eos
992 1981 1046 2066 qui
1070 1978 1200 2044 diabulo
1224 1977 1400 2064 compediti
1422 1978 1618 2043 tenebantur
1641 1980 1827 2044 absolveret
1850 1987 1883 2044 et

232 2099 336 2144 nexus
364 2088 571 2166 peccatorum
602 2082 828 2168 confringeret.
881 2089 914 2148 et
946 2083 1033 2171 quod
1062 2085 1179 2170 palmis
1207 2084 1239 2148 in
1268 2083 1386 2148 faciem
1414 2083 1618 2165 verberatur,
1651 2084 1744 2148 nobis
1771 2105 1882 2148 veram
1893 2105 1970 2148 aare.
1981 2110 2059 2157 aaa.

232 2183 417 2249 libertatern
451 2184 591 2251 donavit.
631 2193 680 2251 ¹et
708 2186 794 2273 quod
828 2189 972 2276 colaphis
1000 2189 1105 2275 capite
1135 2186 1294 2269 caeditur,
1326 2192 1469 2251 nostrum
1500 2196 1549 2252 est
1578 2190 1715 2254 sanitate
1738 2187 1884 2252 redditus

228 2295 337 2374 eaput.
384 2295 417 2354 et
438 2289 525 2375 quod
552 2290 712 2358 inmundis
735 2292 968 2378 sputaminibus
990 2291 1168 2378 perlinitur,
1193 2312 1213 2354 a
1234 2297 1361 2355 nostras
1385 2291 1484 2356 facies
1508 2293 1643 2357 extersit
1667 2292 1884 2380 obprobrium.

234 2397 267 2456 et
296 2391 383 2478 quod
411 2392 506 2458 dorso
535 2396 672 2480 flagellis
699 2397 897 2478 verberatur,
930 2419 949 2460 a
977 2396 1070 2460 nobis
1096 2396 1211 2482 plagas
1240 2396 1351 2460 mortis
1375 2401 1408 2460 et
1440 2396 1560 2460 diabuli
1587 2397 1718 2482 flagella
1741 2395 1883 2460 dimovit.

180 2523 206 2562 ro
234 2503 267 2560 et
289 2497 376 2582 quod
398 2504 473 2562 ante
497 2498 636 2564 tribunal
656 2499 765 2564 Pontii
786 2500 882 2566 Pilati
905 2500 1059 2582 adstatur,
1084 2500 1210 2565 anobis
1228 2504 1385 2564 terrorem
1400 2499 1506 2585 adque
1525 2500 1728 2565 formidinem
1745 2499 1884 2565 iudicum

232 2606 266 2664 et
292 2601 471 2688 principum
501 2601 595 2666 huius
624 2604 734 2668 mundi
763 2604 904 2670 abstulit.
958 2611 992 2668 et
1014 2603 1101 2690 quod
1124 2604 1243 2668 multos
1270 2609 1372 2667 testea
1396 2604 1495 2667 falsos
1522 2605 1670 2689 pertulit,
1704 2612 1885 2670 sanctorum

232 2724 362 2768 suorum
390 2713 501 2770 contra
530 2707 645 2792 impios
677 2708 896 2772 testimonium
926 2707 1136 2772 confirmavit.
1193 2706 1279 2793 quod
1307 2712 1417 2772 autem
1445 2707 1530 2772 inter
1559 2708 1685 2794 iniquos
1714 2707 1887 2793 depotatus

233 2813 297 2888 est,
327 2814 362 2873 ut
383 2809 466 2875 filios
488 2809 659 2896 adoptivos
681 2832 741 2898 per
763 2811 859 2877 fidem
883 2812 1073 2897 angelorum
1095 2811 1269 2897 participes
1293 2809 1540 2875 demonstraret.
1581 2811 1666 2897 quod
1689 2833 1766 2876 vero
1789 2832 1886 2875 unum

232 2912 415 2998 susciperit,
444 2915 582 2979 alterum
606 2915 841 3000 reprobaverit,
864 2921 901 2980 ιιι
924 2921 1078 3002 quantum
1108 2915 1254 2980 intererit
1275 2915 1447 2980 humilitati
1469 2917 1622 3002 superbia
1644 2923 1678 2981 et
1700 2917 1884 3004 desperatio

180 3041 205 3080 ra
233 3016 274 3081 ab
298 3037 355 3101 spe
386 3017 497 3082 salutis
520 3020 572 3082 vel
599 3041 618 3082 a
641 3019 763 3084 malitia
786 3019 884 3085 distet
906 3020 1095 3098 clementia,
1125 3018 1371 3083 demonstraret.
1417 3026 1451 3083 et
1473 3020 1561 3105 quod
1584 3021 1682 3085 clavis
1704 3022 1883 3106 configitur,

232 3125 268 3183 ut
291 3121 447 3185 ‘acoleum
470 3122 603 3205 mortis’,
627 3122 714 3209 quod
729 3123 821 3188 nobis
845 3124 950 3189 fuerat
972 3125 1214 3210 permolestum,
1238 3122 1433 3208 significaret
1455 3129 1543 3188 esset
1559 3123 1757 3188 distructum.
1796 3124 2053 3210 quod1001-15·⁵⁶·

232 3245 309 3288 vero
332 3231 440 3289 vestes
462 3227 531 3291 eius
552 3227 585 3291 in
608 3232 694 3292 sorte
718 3229 879 3310 ceciderit,
903 3235 939 3292 ut
961 3249 1030 3293 sors
1054 3232 1236 3292 sanctorum
1259 3227 1440 3291 firmaretur
1462 3227 1494 3290 in
1518 3229 1619 3292 caelo.

337 3333 386 3395 21.
418 3328 461 3395 Et
488 3330 575 3416 quod
601 3331 698 3396 etiam
729 3333 861 3419 proprio
888 3337 1051 3418 potestate
1080 3337 1184 3395 morte
1213 3351 1271 3394 sue
1301 3329 1414 3395 habuit
1437 3331 1623 3416 expletione
1647 3330 1773 3395 dicens:
1805 3339 2025 3396 con-10¹¹·10218·

231 3439 392 3498 sumatum
416 3440 475 3516 est,
499 3441 532 3498 et
554 3436 705 3500 inclinato
729 3437 835 3523 capite
859 3435 991 3500 tradidit
1014 3435 1161 3521 spiritum
1192 3439 1326 3522 propter
1348 3433 1441 3499 illud:
1472 3439 1669 3519 potestatem
1691 3434 1798 3499 haheo
1823 3455 1882 3518 po-

180 3563 206 3601 rc
232 3537 330 3602 nendi
358 3539 498 3603 animam
526 3561 633 3604 meam
663 3545 696 3605 ct
722 3545 918 3627 potestatem
948 3539 1054 3604 habeo
1085 3540 1202 3604 iterum
1230 3537 1378 3603 sumendi
1401 3559 1489 3620 eam,
1520 3560 1558 3602 eo
1584 3538 1671 3625 quod
1693 3540 1882 3604 sacrificium

234 3644 434 3708 voluntariae
463 3665 497 3708 se
526 3645 630 3730 ipsum
658 3646 774 3731 optulit
796 3646 879 3732 patri
901 3667 959 3732 pro
981 3644 1085 3709 nobis.
1133 3643 1219 3730 quod
1242 3664 1323 3707 unus
1345 3643 1496 3729 idemque
1519 3643 1603 3707 inter
1625 3649 1768 3708 mortuos
1790 3644 1882 3724 liber,

232 3753 267 3811 ut
294 3753 404 3812 nostra
432 3750 633 3814 mortificatio
666 3750 750 3814 illius
783 3750 1014 3814 inmortalitate
1042 3749 1266 3814 vivificaretur.
1322 3747 1410 3833 quod
1440 3759 1549 3812 autern
1580 3755 1760 3813 ceterorum
1791 3767 1904 3812 crura1
1919 3761 1967 3803 Gor·
1981 3765 2099 3813 ιειιιι.

233 3852 397 3916 confracta
420 3853 552 3938 eiusque
576 3854 706 3918 minime
730 3860 780 3918 est
802 3855 1013 3936 comminuta,
1042 3858 1176 3940 propter
1197 3851 1277 3917 illud
1300 3858 1376 3918 ante
1398 3851 1613 3938 praedictum:
1644 3872 1680 3916 οε
1703 3873 1795 3917 suum
1818 3829 2098 3932 noniiiidi'rii'acrs.

233 3954 456 4020 comminuetis
488 3978 530 4021 ex
565 3977 603 4021 eo
639 3958 709 4043 ipse
742 3977 882 4043 namque
918 3963 968 4022 est
1006 3977 1108 4042 agnus
1146 3957 1282 4043 pascalis
1317 3957 1503 4042 populoque
1533 3954 1732 4022 mactandus.
1782 3961 1815 4019 et
1843 3955 1883 4020 ab

181 4083 206 4122 aa
233 4059 386 4147 Aegypto
409 4081 467 4125 suo
486 4066 600 4126 ¹sancto
624 4083 736 4126 eruore
760 4061 802 4126 ad
826 4069 945 4126 terram
967 4061 1187 4147 promissionis
1210 4081 1270 4145 per
1292 4059 1436 4125 medium
1459 4080 1549 4124 mare
1572 4059 1703 4146 proprio
1727 4061 1883 4145 sanguine

233 4171 445 4250 purpuratum
468 4173 578 4253 patres
601 4187 673 4230 eum
696 4166 871 4253 liberisque
895 4165 1068 4246 reducens,
1091 4170 1263 4252 postquam
1285 4164 1469 4229 Faraonem
1491 4184 1644 4249 percusso
1668 4169 1702 4227 et
1725 4184 1796 4227 cum
1821 4163 1886 4227 suis

234 4269 426 4334 satellitibus
458 4291 531 4334 eum
562 4271 645 4335 inter
671 4272 785 4336 fluetus
814 4272 944 4358 altoque
974 4271 1092 4356 pelago
1124 4270 1288 4335 demersit.
1342 4267 1429 4355 quod
1459 4273 1567 4332 autem
1592 4267 1632 4333 de
1662 4288 1756 4332 eruce
1780 4267 1883 4353 depu-

234 4373 318 4438 nitur
340 4373 373 4437 in
395 4374 573 4460 sepulchris
596 4376 734 4460 ponitur,
763 4381 799 4438 ut
822 4381 1003 4439 sanctorum
1027 4376 1168 4440 omnium
1192 4374 1358 4460 sepultura
1380 4373 1520 4437 sanciret
1544 4378 1576 4437 et
1600 4372 1747 4436 timorem
1772 4372 1883 4436 mortis

234 4479 387 4543 auferret.
440 4478 526 4564 quod
554 4500 631 4544 vero
660 4480 693 4544 in
723 4481 876 4545 inferiora
903 4487 1009 4546 terrae
1039 4478 1197 4546 discendit
1226 4485 1260 4544 et
1289 4501 1309 4543 a
1340 4479 1473 4544 caelesti
1502 4475 1580 4542 sede
1612 4474 1653 4539 de
1683 4475 1754 4539 sinu
1783 4477 1939 4560 patrisloh-
1953 4491 2015 4535 ora

181 4599 206 4638 ιι
234 4603 297 4646 non
320 4583 468 4664 recessit,
497 4590 534 4647 ιιι
555 4604 629 4647 ειιοε
653 4583 693 4658 de
717 4585 854 4649 carceris
876 4586 1002 4650 vinculo
1026 4584 1180 4650 educeret
1203 4591 1236 4649 et
1260 4583 1381 4650 diabuli
1403 4587 1566 4668 potestate
1591 4578 1774 4644 destrueret
1797 4601 1882 4644 mor·
1895 4586 1960 4629 ran.
1971 4595 1991 4640 ι,
2001 4594 2032 4634 ¹⁴-
2043 4596 2075 4635 1⁵-

232 4687 336 4771 tisque
365 4687 535 4773 imperium
566 4694 749 4753 contereret
777 4695 810 4752 et
840 4689 954 4753 inferni
985 4690 1132 4774 potentia
1164 4689 1311 4754 aboleret
1342 4693 1375 4751 et
1405 4706 1497 4751 suum
1525 4703 1660 4769 regnum
1688 4704 1752 4747 non
1782 4683 1883 4747 solum

232 4791 336 4867 iustis,
371 4788 429 4853 sed
461 4792 559 4856 ctiam
595 4793 712 4857 latroni
742 4792 887 4858 donaret.
940 4793 1027 4879 quod
1057 4801 1167 4859 autem
1199 4815 1219 4857 a
1250 4793 1384 4857 mortuis
1421 4798 1496 4877 poet
1524 4787 1663 4853 triduum
1698 4788 1884 4868 resurrexit,
1894 4794 1948 4838 nun
1961 4801 1994 4847 ⁶²³·
2005 4801 2038 4840 ιιιΙ

234 4895 367 4960 mortuis
390 4895 489 4960 vitam
522 4894 612 4961 dedit
641 4903 674 4960 et
704 4898 860 4982 primitias
891 4899 1133 4963 resurrectionis
1163 4896 1303 4962 ostendit
1333 4902 1366 4960 et
1389 4895 1530 4960 omnium
1554 4891 1698 4956 fidelium
1722 4890 1819 4955 corda
1842 4891 2057 4960 adlaturam.

234 5001 473 5086 reparationem
497 5000 635 5064 futuram
658 5001 806 5067 firmarit.
853 5001 938 5088 quod
964 5009 1073 5068 autem
1095 5002 1156 5067 XL
1180 5001 1304 5067 dierum
1328 5001 1432 5086 spatio
1457 5019 1529 5063 eum
1553 4996 1715 5082 discipolis
1732 4996 1795 5059 suia
1811 5001 1937 5080 poetae.
1952 5015 2000 5064 ιι.

182 5116 206 5155 ⁴⁵
234 5127 325 5170 suam
356 5105 623 5170 resurrectionem
657 5111 873 5170 commoratus
901 5113 964 5187 est,
994 5112 1029 5169 ut
1057 5105 1233 5169 infidelium
1263 5103 1362 5169 corda
1393 5103 1539 5167 domaret
1568 5106 1602 5164 et
1624 5120 1702 5164 suae
1726 5098 1883 5164 ecclesiae

234 5229 368 5274 munero
391 5210 474 5294 legis
497 5208 677 5296 quadruplo
702 5209 872 5274 conferret.

339 5317 390 5377 22.
416 5312 510 5387 Quod
539 5332 616 5377 vero
645 5312 830 5378 ascendisse
858 5313 993 5398 ipsoque
1025 5311 1273 5397 quadragesimo
1304 5309 1356 5375 die
1388 5309 1594 5395 persorivitur
1623 5306 1656 5370 in
1679 5307 1820 5388 eaelum,
1848 5312 1998 5373 utactio.

234 5419 324 5482 illurn
348 5418 398 5481 cui
421 5416 541 5482 dictum
565 5424 614 5482 est
637 5424 711 5503 post
734 5418 872 5482 minam:
897 5419 994 5481 ‘terra
1017 5437 1052 5481 es
1075 5423 1109 5481 et
1125 5417 1292 5480 interram
1308 5412 1390 5496 ibis’,
1413 5414 1474 5501 ipsi
1494 5417 1569 5500 post
1584 5409 1625 5475 de
1642 5409 1772 5475 diabulo
1789 5420 1906 5496 capta¹
1921 5417 1973 5462 uos.
1985 5425 2005 5472 ³.
2016 5426 2047 5467 ιι.

339 5575 430 5647 2sex]
449 5547 545 5647 septem
564 5579 652 5630 Maiae
738 5571 829 5643 3sex]
848 5581 945 5642 septam
964 5573 1052 5626 Moira
1132 5572 1376 5642 reciperantis
1429 5567 1631 5640 obprobrium·
1708 5565 1743 5618 24
1760 5565 1886 5635 intererit]

234 5667 355 5725 interito
416 5664 638 5740 arqu0u1qu00
697 5662 732 5717 32
749 5665 920 5718 uiudcaretur
930 5659 969 5716 0·
1032 5659 1224 5715 33ιιιειιὶιιιεο
1282 5658 1316 5713 41
1330 5655 1481 5726 contereret]
1494 5654 1666 5710 conteteretO
1716 5655 1891 5707 abolereretG
