4634 6286
414 349 472 411 128
1032 340 1208 398 HISTORIA
1229 339 1447 396 BRITTONVM

413 517 503 582 XIV.
528 515 700 591 Quomodo
728 516 830 580 Iulius
855 515 977 580 Caesar
998 516 1048 580 bis
1071 537 1090 580 a
1113 513 1298 580 Britouibus
1320 513 1468 599 repulsus
1490 514 1545 596 sit,
1573 521 1607 578 at
1635 513 1796 599 quomodo
1826 514 1876 578 bis
1902 515 2006 579 victus
2030 513 2072 578 de

497 620 665 686 Britannia
688 620 755 684 sine
778 640 862 706 pace
886 626 920 685 et
942 640 1040 684 censu
1062 620 1095 684 in
1118 619 1228 705 fugam
1251 617 1356 684 rediit.

410 725 484 790 XV.
508 723 655 799 Qualiter
678 726 773 789 tertIo
797 725 955 810 superatis
978 724 1164 790 Britouibus
1192 724 1330 788 insulam
1360 723 1529 808 occupavit
1558 722 1773 809 Britonesquc
1801 723 1862 788 sibi
1885 722 2072 807 subiugavit

498 834 531 892 et
552 827 625 894 illos
649 828 833 893 tributarios
855 828 933 892 iecit
956 848 1152 914 censumque
1175 825 1313 892 reddere
1337 827 1454 911 coegit.

411 929 501 996 XVI.
526 929 621 1005 Quod
642 933 675 996 in
697 932 854 998 honorem
877 933 1031 997 victoriae
1054 931 1128 996 Iulii
1151 931 1269 997 mansis
1293 930 1405 1013 Iulius,
1430 931 1484 1017 qui
1508 936 1542 995 et
1565 930 1727 1012 Quintilis,
1751 928 1918 996 dedicatus
1941 931 1993 994 sit.

411 1033 520 1099 XVII.
552 1033 649 1109 Quod
676 1033 829 1100 Claudius
863 1036 1039 1122 imperator
1075 1058 1148 1102 cum
1181 1055 1300 1121 magno
1331 1035 1444 1100 labore
1478 1040 1513 1099 et
1546 1033 1739 1100 detrimento
1774 1035 1915 1099 secundo
1952 1034 2070 1100 Iulium

500 1138 650 1204 Britones
670 1139 746 1204 vicit
769 1146 802 1204 et
822 1161 925 1226 usque
949 1140 1095 1206 Orcades
1118 1146 1220 1204 totam
1243 1139 1379 1204 Insulam
1405 1138 1551 1220 obsedit,
1575 1145 1609 1204 et
1631 1139 1686 1203 ubi
1709 1139 1835 1204 obierit.

412 1242 537 1307 XVIII.
561 1240 689 1314 Quanto
713 1249 859 1330 tempore
888 1244 929 1308 ab
953 1245 1171 1308 Inoamatione
1195 1243 1315 1308 domini
1338 1241 1489 1307 Britones
1511 1242 1610 1308 fidem
1633 1242 1752 1308 Ohristi
1774 1249 1993 1329 suscoperunt.
2043 1297 2045 1302 .

414 1347 507 1412 XIX.
532 1347 679 1422 Qualiter
702 1347 842 1413 Severus
865 1349 1042 1433 imperator
1063 1349 1177 1412 tertius
1200 1368 1326 1412 murum
1355 1353 1442 1411 trans
1470 1347 1609 1411 insulam
1638 1348 1679 1412 ob
1703 1348 1882 1412 incursione
1904 1346 2071 1410 Pictorum
2175 1345 2178 1350 ’

543 1449 791 1538 scottorumque
818 1451 925 1518 facere
956 1453 1125 1539 praecepit
1153 1457 1186 1516 et
1218 1451 1290 1516 illos
1318 1473 1338 1516 a
1362 1450 1548 1516 Britouibus
1580 1449 1696 1534 divisit,
1723 1457 1757 1514 et
1779 1450 1834 1515 ubi
1857 1455 1973 1536 postea
1994 1471 2071 1536 per·

544 1561 672 1641 emptus
695 1555 745 1620 sit.

374 1629 489 1722 ὃΧΧ.
514 1657 683 1732 Quomodo
708 1657 862 1723 Oarucius
884 1660 1061 1745 imperator
1083 1658 1258 1724 vindicarit
1283 1658 1439 1724 Sevemm
1471 1659 1612 1724 saciatus
1644 1659 1799 1744 sanguiue
1827 1657 2014 1742 Britonum,
2039 1665 2073 1724 et

502 1763 558 1828 ubi
580 1763 735 1828 fornicem
759 1763 987 1849 triumphalem
1010 1764 1043 1828 in
1066 1765 1256 1829 memoriam
1279 1785 1357 1828 suae
1380 1765 1534 1829 victoriae
1558 1763 1746 1829 constmxit.

415 1866 508 1931 XXI.
532 1866 582 1930 De
608 1866 797 1931 Constantio
821 1867 1023 1932 Constantini
1040 1867 1151 1953 Magni
1173 1868 1249 1946 filio,
1273 1869 1328 1932 ubi
1351 1868 1468 1934 obierit
1491 1875 1524 1932 st
1547 1869 1691 1955 sepultus
1715 1868 1765 1948 sit,
1790 1874 1823 1931 et
1846 1887 1929 1951 quae
1946 1867 2073 1932 semina

500 1972 533 2036 in
555 1973 739 2056 pavimento
762 1972 851 2036 urbis
874 1973 1012 2037 seruerit
1039 1973 1105 2054 (vel
1128 1972 1335 2037 seminaverit
1357 1991 1458 2052 supra
1480 1993 1507 2036 v.
1532 1969 1622 2056 cod).
1947 2027 1948 2030 ,

416 2074 525 2140 XXII.
548 2074 600 2139 De
622 2074 766 2140 Maximo
788 2076 1002 2162 imperatore,
1027 2077 1115 2141 cuius
1139 2075 1339 2160 temporibus
1362 2081 1489 2140 sanctus
1513 2075 1668 2140 Martinus
1691 2074 1861 2140 virtutibus
1884 2073 2013 2154 claruit,
2038 2079 2074 2139 et

503 2178 631 2264 quaudo
653 2180 867 2265 imperatores
891 2177 1049 2244 Caesares
1072 2180 1230 2244 nominari
1253 2178 1427 2244 desierunt.

416 2282 544 2348 XXIII.
568 2281 619 2347 De
641 2281 840 2348 Maximiano
865 2289 1010 2370 tyranno,
1035 2284 1090 2368 qui
1113 2283 1214 2348 fretus
1228 2283 1330 2348 milite
1346 2282 1517 2348 Britouum
1533 2282 1723 2348 Gratianum
1739 2283 1969 2368 imperatorem
1986 2282 2073 2346 occi-

504 2387 551 2452 dit
573 2393 606 2452 et
628 2385 826 2452 Britanniam
856 2389 986 2452 iuvenili
1015 2390 1093 2452 tiore
1123 2388 1274 2474 spoliavit
1301 2408 1340 2452 aa
1361 2387 1561 2452 Britanniam
1584 2387 1741 2452 minorem
1764 2387 1810 2450 eis
1833 2385 1875 2450 ad
1897 2386 2074 2450 incolatum

505 2489 595 2554 dedit
617 2491 726 2575 sicque
750 2511 806 2555 sos
829 2492 1057 2576 transmigrare
1080 2492 1166 2574 iecit,
1191 2498 1225 2556 et
1247 2490 1335 2577 quod
1355 2512 1519 2578 uunquam
1542 2497 1657 2576 postea
1680 2490 1826 2556 revestiri
1849 2490 1975 2555 meruit.

417 2593 542 2659 XXIV.
574 2594 625 2657 De
656 2594 797 2659 secundo
826 2596 925 2659 etiam
956 2595 1094 2677 Severo,
1131 2597 1186 2682 qui
1219 2597 1313 2660 solita
1343 2601 1502 2660 structura
1528 2617 1655 2660 murum
1685 2595 1821 2659 alterum
1850 2594 1892 2658 ad
1914 2592 2075 2658 arcendos

504 2696 613 2760 Pictos
637 2703 671 2760 et
693 2695 821 2761 Scottos
842 2697 913 2762 fieri
935 2719 955 2762 a
978 2697 1172 2763 Tiuemuthe
1191 2701 1297 2785 'usque
1322 2698 1496 2784 Boggcues
1520 2699 1695 2786 praecepit.

418 2798 525 2864 XXV.
549 2799 601 2864 De
625 2797 824 2882 Constantio,
848 2802 903 2887 qui
924 2800 1109 2866 Britouibus
1132 2803 1164 2866 iu
1188 2802 1355 2866 Britannia
1376 2803 1553 2888 imperator
1577 2803 1707 2867 ultimus
1730 2801 1879 2888 praefuit,
1904 2807 1937 2865 et
1958 2821 2073 2886 quam-

505 2903 559 2968 diu
581 2924 717 2988 reguum
741 2903 960 2970 Romanorum
990 2907 1024 2970 in
1054 2905 1204 2972 Britones
1231 2905 1434 2993 perduravit,
1465 2915 1498 2972 et
1520 2907 1648 2994 quando
1679 2907 1724 2970 illi
1751 2907 1916 2971 Romanos
1938 2904 2074 2970 ulterius

505 3008 650 3094 recipere
673 3008 855 3073 noluerunt.

418 3110 542 3176 XXVI.
568 3110 640 3186 Quo
663 3118 811 3198 tempore
834 3112 984 3178 Britones
1006 3115 1118 3200 iugum
1142 3114 1360 3180 Romanorum
1383 3115 1587 3196 abiecerunt,
1620 3121 1653 3178 et
1681 3113 1808 3200 quando
1836 3111 1960 3176 Nioeua
1986 3112 2074 3176 sino-

505 3215 574 3296 dus,
598 3213 800 3298 Ambrosius,
823 3211 990 3296 Martinus,
1014 3219 1204 3305 leronymus
1227 3220 1419 3300 floruerunt,
1444 3224 1477 3283 et
1500 3217 1541 3282 de
1564 3218 1761 3282 Maximiano
1792 3222 1927 3301 tyranno
1952 3221 1985 3280 et
2007 3216 2073 3280 filio

504 3322 573 3385 eius
594 3320 728 3385 Victore
754 3321 899 3404 (uictoria
922 3322 987 3386 cod.
1010 3323 1212 3406 cuteclara),
1243 3323 1382 3408 qualiter
1409 3328 1442 3386 et
1472 3322 1527 3386 ubi
1556 3321 1717 3385 interfecti
1746 3321 1883 3385 fuemut.
1936 3325 1969 3384 et
1991 3327 2071 3404 quot

504 3426 579 3488 anni
609 3424 650 3488 ab
674 3425 763 3489 initio
786 3424 896 3489 mundi
918 3431 952 3489 et
974 3425 1015 3490 ab
1038 3427 1258 3490 incarnatione
1284 3425 1402 3491 Christi
1424 3446 1526 3512 usque
1551 3424 1593 3489 ad
1615 3422 1694 3489 illud
1717 3431 1846 3509 tempus
1869 3424 2073 3488 transierunt.

418 3526 559 3592 XXVII.
590 3525 676 3601 Quot
705 3528 828 3592 vicibus
858 3527 1009 3592 Britones
1044 3529 1265 3594 Romanorum
1294 3529 1393 3594 ducos
1423 3528 1624 3610 occiderunt,
1656 3534 1690 3593 et
1717 3549 1781 3614 qua
1810 3525 1984 3592 calliditate
2016 3549 2074 3592 eos

506 3638 616 3696 tamen
647 3651 776 3716 sempor
804 3631 847 3695 ad
873 3633 995 3696 auxilia
1022 3633 1083 3698 sibi
1106 3633 1240 3698 ferenda
1271 3638 1542 3720 provocaverunt,
1577 3640 1610 3698 et
1640 3637 1718 3718 quot
1741 3631 1816 3696 anni
1839 3630 1988 3696 Britones
2011 3630 2072 3696 sub

506 3733 647 3799 dominio
671 3734 891 3800 Romanorum
914 3736 1052 3801 fuerunt.

419 3838 579 3902 XXVIII.
607 3837 703 3912 Quod
731 3839 773 3902 ab
802 3840 991 3924 expulsione
1019 3839 1239 3904 Romanorum
1269 3861 1370 3925 usque
1404 3840 1445 3905 ad
1468 3839 1643 3906 adventum
1672 3838 1855 3920 Saxonum,
1883 3859 1943 3925 per
1973 3859 2074 3902 annos

506 3940 658 4006 videlicet
679 3940 757 4023 XL,
785 3947 854 4006 tota
881 3942 1048 4006 Britannia
1079 3943 1138 4007 sub
1167 3944 1309 4008 maximo
1340 3950 1429 4007 metu
1458 3944 1532 4025 fuit,
1566 3949 1599 4008 et
1626 3942 1755 4029 quaudo
1779 3942 1991 4028 (lortigemus
2014 3963 2074 4006 rex

505 4047 621 4132 impius
644 4046 805 4130 regnavit,
834 4051 912 4131 quot
940 4046 1107 4112 timoribus
1136 4050 1327 4134 quantisque
1357 4049 1575 4114 anxietatibus
1607 4067 1780 4133 oppressus
1805 4046 1943 4126 exstitit,
1973 4051 2073 4130 quoto

506 4171 590 4214 anno
620 4169 640 4213 a
671 4148 820 4235 passione
848 4148 969 4213 domiui
992 4148 1139 4216 Saxones
1162 4153 1303 4237 suscepit
1327 4158 1360 4216 et
1382 4152 1520 4216 insulam
1543 4150 1650 4216 'lauet
1673 4150 1716 4216 ad
1737 4148 1982 4215 inhabitandum
2005 4155 2073 4216 tra-

507 4253 602 4336 didit,
627 4260 660 4317 et
684 4252 723 4317 de
747 4254 898 4338 prosapia
921 4255 1020 4319 etiam
1042 4254 1209 4340 Heugisti,
1241 4262 1275 4320 at
1305 4255 1466 4342 quomodo
1489 4255 1689 4320 Britanniam
1713 4255 1819 4334 veuit,
1848 4259 1881 4318 et
1904 4253 1990 4340 quod
2012 4254 2074 4318 im-

509 4359 634 4445 perium
657 4356 876 4421 Romanorum
901 4378 998 4443 super
1019 4358 1168 4423 Britones
1192 4365 1266 4424 tuuc
1290 4359 1419 4423 omnino
1443 4381 1514 4424 esse
1540 4359 1643 4425 desiit.

421 4462 545 4527 XXIX.
571 4461 706 4535 Quando
730 4466 859 4525 sanctus
882 4460 1063 4526 Germanus
1084 4461 1182 4527 tidem
1212 4462 1453 4549 praedicaturus
1476 4462 1676 4528 Britanniam
1699 4463 1840 4542 venerit,
1865 4468 1898 4526 et
1919 4461 2073 4546 Pelagia-

506 4587 581 4630 nam
605 4565 766 4629 haeresim
789 4565 975 4650 extirpavit,
999 4564 1186 4650 dampnavit
1209 4571 1242 4630 et
1265 4567 1394 4631 omuino
1419 4567 1587 4631 destruxit.

420 4671 528 4737 XXX.
564 4667 617 4734 De
639 4668 734 4734 Bauli
762 4688 842 4753 rege
864 4669 986 4734 infideli
1009 4675 1043 4733 et
1064 4670 1206 4751 tiranno,
1235 4670 1288 4753 qui
1311 4675 1455 4734 sanctum
1479 4669 1676 4734 Germanum
1698 4668 1843 4754 recipere
1873 4667 1993 4750 noluit,
2017 4668 2076 4733 sed

506 4775 628 4840 aditum
652 4773 766 4839 domus
789 4795 867 4838 auae
889 4773 1100 4860 prohibuerit.

420 4880 546 4946 XXXI.
580 4879 632 4944 De
656 4899 760 4960 servo,
785 4879 838 4964 qui
862 4898 935 4942 eum
959 4877 1001 4942 ad
1024 4879 1202 4964 hospicium
1225 4879 1390 4960 invitavit,
1414 4885 1448 4942 et
1470 4878 1511 4942 de
1534 4879 1633 4942 vitulo
1657 4882 1752 4942 nocte
1778 4877 1900 4958 occiso,
1926 4883 2017 4941 cocto
2043 4886 2077 4942 et

507 4990 694 5064 commesto,
719 4988 752 5046 et
773 5003 868 5046 mane
892 5003 1000 5047 coram
1024 4988 1126 5047 matre
1149 4983 1234 5064 vivo,
1257 5003 1335 5047 sano
1360 4989 1393 5047 et
1415 4983 1542 5068 integro
1565 4983 1707 5046 invento.

420 5087 564 5152 XXXII.
601 5087 652 5151 De
676 5085 816 5173 quodam
845 5087 913 5151 viro
942 5087 984 5150 ab
1008 5107 1048 5151 eo
1071 5086 1235 5172 baptizato
1265 5092 1299 5151 et
1327 5088 1418 5151 iuxta
1442 5088 1511 5151 eius
1539 5085 1724 5150 vaticinium
1754 5105 1831 5150 mox
1860 5083 2010 5149 defuncto
2043 5092 2077 5151 et

507 5191 548 5256 ab
572 5191 689 5275 angelo
714 5189 769 5254 dei
792 5196 952 5276 suscepto.

353 5352 355 5358 ,
421 5293 581 5359 XXXIII.
606 5292 753 5366 Qualiter
773 5294 908 5379 hospitis
932 5295 980 5357 sui
1006 5293 1089 5357 filios
1113 5292 1154 5358 da
1178 5292 1274 5380 opido
1297 5292 1391 5358 educi
1413 5293 1581 5380 praecepit
1604 5298 1638 5358 et
1659 5297 1756 5358 nocte
1779 5293 1850 5378 ipsa
1872 5311 1980 5356 arcem
2003 5312 2076 5356 cum

509 5417 588 5481 rege
611 5397 694 5481 ignis
719 5396 759 5461 de
784 5398 875 5461 coelo
900 5397 1041 5461 funditus
1065 5398 1269 5482 consumpsit.

421 5499 578 5566 XXXIV.
596 5499 766 5573 Quomodo
780 5501 828 5564 vir
842 5501 907 5583 ille,
920 5501 974 5587 qui
989 5506 1134 5564 sanctum
1150 5500 1294 5586 hospicio
1311 5501 1445 5586 recepit,
1461 5497 1596 5564 credidit
1610 5504 1643 5564 et
1654 5499 1836 5586 baptizatus
1851 5499 1921 5582 fuit,
1937 5504 1971 5564 et
1985 5499 2077 5562 iuxta

507 5604 642 5669 verbum
658 5605 726 5669 eius
742 5604 783 5669 de
799 5625 892 5668 servo
909 5625 966 5669 rex
981 5604 1085 5669 factus
1102 5610 1151 5670 est
1167 5604 1208 5670 de
1222 5625 1323 5690 reguo
1335 5604 1543 5686 Powisorum,
1559 5609 1592 5668 et
1604 5623 1715 5668 omnes
1731 5603 1811 5668 filios
1827 5604 1979 5690 eiuspost
1991 5623 2075 5667 cum.
