4634 6286
403 342 462 402 120
1026 335 1200 390 HISTORIA
1220 334 1439 390 BBITTONVM

401 511 540 576 sationes
563 511 643 575 duas
662 510 734 574 libri
758 511 862 596 primi,
887 531 1021 594 quarum
1046 511 1149 574 altera
1171 511 1282 595 incipit
1304 515 1467 573 (aeternnm
1483 509 1636 590 specimen
1658 509 1760 594 (poet.
1778 507 1850 572 Lat.
1867 507 1966 573 medii
1990 509 2064 572 4441

401 616 501 680 voli
524 636 556 700 p.
573 615 661 698 432),
684 614 787 677 414444
806 614 836 676 si
854 618 883 676 tc
898 613 1081 694 perliquido
1104 614 1139 698 (l.
1157 635 1184 678 4.
1208 635 1239 699 p.
1257 613 1346 698 436),
1371 619 1404 676 44
1428 615 1555 678 tertiam
1580 614 1652 678 libri
1676 615 1760 678 sexti
1783 635 1937 694 44444444
1959 613 2066 694 operis
2161 620 2164 624 '

402 720 437 803 41.
454 740 480 783 4.
504 741 535 805 p.
553 719 628 800 499)
653 719 780 802 aliaque
810 717 934 781 minora
958 718 1012 800 (cf.
1035 739 1131 781 4444444
1154 717 1274 780 Archiv
1298 723 1326 797 4,
1345 715 1423 798 539)
1447 717 1645 781 4444144414
1669 724 1763 802 parts
1787 716 1884 781 hodie
1901 717 2065 781 Vaticana

401 825 422 887 1.
440 825 566 887 47-58
590 822 756 886 historiam
778 819 962 884 Brittonum
986 819 1115 906 (Hardy
1137 820 1262 904 4815)
1287 820 1345 884 sub
1362 820 1484 884 indice:
1508 821 1622 900 inci'prit
1640 821 1750 883 istorio
1767 819 1954 884 Brittonnm
1976 821 2065 883 editu

400 927 440 990 ab
462 925 654 990 anachoreta
677 923 792 988 Marco
819 925 958 988 eiusdem
987 927 1090 1007 pontis
1121 931 1185 989 ecto
1207 945 1272 1006 epo
1317 923 1518 1010 praecedunt
1541 945 1614 988 eam
1637 930 1807 1010 computus
1840 923 1997 988 deductus
2021 922 2065 988 ad

401 1051 430 1094 a.
456 1033 518 1094 976
553 1030 619 1093 4144
643 1028 674 1089 V
707 1027 891 1093 Eadmundi
922 1050 993 1093 cum
1025 1051 1083 1093 sex
1122 1029 1296 1111 aetatibus,
1329 1029 1379 1093 cui
1410 1028 1588 1093 adhaerent
1627 1029 1756 1092 nomina
1793 1049 1906 1114 regum
1944 1049 2065 1093 norem

402 1139 557 1218 excerpta
580 1152 622 1195 ex
645 1153 672 1198 4.
690 1136 816 1196 20-27
841 1133 1049 1212 4144444444
1071 1132 1187 1197 Iulius.
1224 1132 1382 1196 secundus
1403 1130 1574 1200 Claudius.
1613 1131 1727 1196 tertius
1744 1131 1886 1196 Severus.
1925 1136 2065 1213 quartus

405 1235 553 1302 Carinus.
598 1237 731 1316 quintus
757 1234 972 1300 Constantius.
1016 1243 1124 1300 seotns
1146 1236 1323 1300 Mecinus.
1369 1237 1521 1316 septimus
1544 1235 1781 1299 Maximianus.
1826 1240 1954 1298 octoons
1976 1234 2064 1299 olins

401 1340 532 1404 Severius
554 1340 765 1420 Aeqnuntins.
810 1361 915 1404 nonus
942 1340 1155 1405 Constantius.
1207 1341 1359 1404 historiae
1384 1338 1684 1424 41414444444.66·)
1717 1340 1857 1403 insertae
1885 1345 1974 1419 sunt,
2004 1339 2063 1403 ad-

401 1445 515 1507 haeret
549 1444 614 1508 4144
648 1445 788 1510 Ρ4441411.
844 1444 960 1509 librum
995 1445 1154 1530 expressit
1186 1466 1251 1508 non
1285 1445 1406 1530 optIme
1433 1442 1486 1507 W.
1512 1443 1607 1507 Gunn
1637 1442 1701 1525 (the
1722 1441 1856 1506 historia
1880 1442 2064 1507 Brittonum

401 1546 572 1629 commonly
594 1549 768 1612 attributed
795 1552 825 1611 to
847 1547 1010 1624 Nutnins,
1032 1548 1116 1628 frons
1147 1569 1167 1610 a
1195 1549 1394 1628 nnuntucript
1423 1547 1517 1630 444414
1540 1547 1718 1610 discovered
1744 1547 1780 1609 in
1808 1545 1858 1610 rte
1886 1544 2006 1628 tibrury
2030 1545 2071 1630 of

401 1651 452 1714 444
474 1649 609 1714 Vaticun
626 1650 741 1731 4441444
762 1650 801 1731 of
819 1651 929 1728 1444444,
953 1651 1055 1715 edited
1083 1652 1116 1721 in
1147 1651 1197 1715 the
1227 1651 1312 1716 tenth
1342 1651 1534 1733 centuryby
1558 1649 1730 1714 Marttbe
1754 1649 1895 1727 Hermd,
1919 1649 2066 1713 44141444

403 1754 536 1836 1174414414
569 1756 701 1832 ¹version,
732 1755 888 1835 focsimitc
921 1756 960 1836 os
988 1755 1038 1819 the
1070 1755 1219 1837 oripinol,
1255 1762 1343 1819 notos
1373 1756 1440 1820 und
1470 1754 1693 1818 illustratione.
1743 1752 1882 1817 Londini
1902 1756 1992 1818 1819.
2033 1757 2064 1817 8.

403 1880 456 1945 pp.
481 1858 601 1922 XLVI.
651 1860 736 1943 187).
779 1861 911 1923 41444144
938 1861 1119 1946 apographi
1143 1861 1231 1924 44414
1259 1861 1354 1924 144414
1389 1860 1476 1924 edita
1507 1866 1556 1924 est
1585 1858 1671 1944 apud
1694 1857 1871 1922 Henricum
1895 1856 2004 1921 Petris
2032 1857 2065 1920 in

403 1965 504 2048 praef.
528 1985 557 2048 p.
575 1967 626 2027 68.
673 1985 745 2028 4444
774 1985 872 2029 causa
899 1963 1043 2029 codicem
1071 1966 1261 2050 recognovit
1288 1986 1353 2029 non
1381 1967 1449 2029 sine
1474 1966 1579 2028 1444444
1612 1964 1686 2027 (1144.
1710 1963 1866 2027 Η441444.
1922 1983 2005 2047 4444
2030 1963 2065 2027 14

405 2067 515 2132 codice
540 2067 712 2132 emendata
735 2075 808 2132 sunt
830 2069 884 2133 vel
907 2090 1003 2154 supra
1026 2089 1154 2132 versum
1186 2089 1242 2154 pro
1275 2069 1362 2132 44414
1390 2069 1529 2133 14441444
1562 2068 1725 2154 adscripta
1745 2067 1924 2152 praemissa
1946 2070 2023 2129 nota
2040 2065 2064 2146 l,

406 2173 537 2236 veniunt
560 2192 580 2234 a
603 2192 700 2234 manu
722 2173 826 2257 prima
841 2172 893 2235 vel
911 2179 998 2235 certe
1015 2173 1144 2257 aequali
1161 2173 1308 2258 exceptis
1325 2171 1450 2237 duobus
1467 2173 1544 2237 locis
1567 2194 1598 2257 p.
1621 2176 1689 2252 156,
1711 2175 1758 2235 17.
1787 2173 1885 2251 tene
1913 2170 2066 2233 correctis

407 2298 502 2340 44444
537 2277 726 2361 posteriore.
757 2315 798 2322 —
832 2276 982 2341 Heiricus
1016 2277 1307 2341 Autisiodorcnsis
1320 2275 1345 2362 ¹)
1381 2283 1474 2340 natus
1508 2298 1535 2340 a.
1557 2280 1616 2340 841
1648 2275 1819 2339 defunctus
1852 2275 1937 2338 circa
1965 2272 2066 2337 finem

404 2381 526 2443 saeculi
553 2381 628 2443 noni
658 2401 730 2444 cum
753 2379 918 2444 1444111444
942 2387 1010 2443 arte
1035 2381 1221 2444 coniunctus
1252 2386 1311 2444 cst.
1357 2380 1479 2444 scilicet
1502 2381 1532 2443 ci
1555 2379 1696 2443 versanti
1720 2379 1752 2442 in
1776 2375 1970 2442 celebrando
1995 2383 2064 2440 tam

406 2484 511 2546 soluta
528 2484 672 2546 oratione
689 2503 786 2567 quam
802 2483 942 2547 carmine
959 2483 1245 2548 senctoGermano
1261 2484 1424 2548 141414444
1441 2483 1482 2546 ad
1498 2491 1592 2568 gesta
1608 2484 1677 2547 cius
1695 2481 1895 2568 exploranda
1910 2487 2064 2565 suscepto

406 2588 490 2650 inter
512 2607 540 2650 a.
559 2589 620 2650 859
645 2591 679 2650 44
701 2590 763 2651 876
786 2588 937 2668 44444414,
962 2594 998 2650 44
1020 2588 1120 2652 refert
1146 2589 1179 2651 in
1208 2588 1370 2652 miraculis
1395 2589 1481 2670 (acta
1503 2594 1604 2652 sanct.
1629 2587 1687 2652 Iul.
1712 2586 1812 2652 441.7
1838 2607 1868 2671 p.
1886 2587 1959 2650 272.
1984 2588 2066 2658 273;

408 2690 446 2754 41.
471 2689 601 2754 Traube
625 2695 711 2774 poet.
735 2688 807 2754 Lat.
833 2695 863 2773 3,
881 2691 969 2776 422),
992 2691 1121 2755 Μ44444
1145 2691 1274 2777 quidam
1297 2692 1442 2773 nomine,
1474 2692 1603 2755 natione
1626 2690 1750 2771 Brittc,
1774 2687 1832 2753 sed
1856 2687 2010 2752 4414444444
2032 2689 2067 2752 14

407 2791 566 2857 Η11444414
589 2799 622 2856 44
651 2799 717 2857 tum
749 2814 850 2857 senex
881 2793 1003 2878 degens
1031 2795 1064 2857 in
1090 2794 1224 2858 heremo
1252 2796 1338 2881 apud
1367 2795 1617 2860 Suessionenses
1639 2795 1829 2859 miraculum
1853 2791 2016 2878 quoddam
2047 2813 2068 2855 a

407 2903 517 2960 444444
547 2916 587 2960 eo
614 2897 646 2960 in
670 2897 835 2961 Britannia
864 2898 996 2980 editum,
1020 2896 1144 2962 addens
1164 2897 1198 2962 id
1223 2900 1378 2964 contineri
1402 2899 1499 2985 ‘apud
1514 2898 1714 2963 Britanniam
1737 2897 1901 2962 catholicis
1923 2893 2062 2960 litteris‘.

408 3020 491 3085 quae
514 3002 655 3065 namatio
679 3022 750 3065 cum
775 3022 840 3066 non
861 3002 996 3066 multum
1020 3001 1147 3067 diversa
1172 3004 1206 3068 14
1233 3010 1342 3069 444444
1366 3005 1476 3069 11144114
1500 3025 1531 3090 p.
1553 3007 1622 3084 172,
1643 3006 1801 3083 13-176,
1822 3004 1859 3066 16
1884 3002 2067 3065 inveniatur

406 3104 477 3188 (ubi
500 3126 572 3169 eam
595 3105 628 3169 14
651 3107 860 3171 adnotatione
885 3108 1115 3192 apposuimus),
1138 3107 1281 3172 Marcum
1314 3109 1404 3173 illum
1436 3114 1573 3194 apparet
1596 3128 1668 3171 eam
1690 3107 1877 3170 memoriter
1900 3105 2065 3169 rettulisse

407 3229 449 3271 ex
471 3208 554 3274 libro
578 3209 611 3274 in
632 3211 737 3296 patria
760 3211 820 3275 sibi
847 3212 943 3292 lecto,
968 3233 1039 3276 cum
1063 3214 1254 3299 praesertim
1277 3214 1382 3278 versio
1406 3213 1595 3278 Heirioiana
1622 3216 1773 3275 anostm
1795 3211 1840 3274 144
1862 3207 2006 3291 recedat,
2028 3215 2067 3272 ut

404 3314 506 3398 ipsum
531 3314 648 3379 libmm
664 3315 814 3380 Heiricus
830 3317 884 3380 rix
900 3316 1048 3381 rideatur
1063 3316 1190 3382 vidisse.
1236 3317 1381 3382 1114444444
1405 3317 1569 3381 hominem
1595 3323 1768 3401 praeterea
1791 3311 1971 3398 ignotum²)
1992 3333 2065 3376 cum

405 3416 553 3482 Heiricus
584 3420 703 3484 scribat
734 3419 776 3485 ad
806 3419 1054 3486 Suessionenses
1084 3423 1208 3487 venisse
1237 3424 1418 3508 imperante
1443 3420 1560 3486 044414
1585 3420 1696 3502 Calvo,
1719 3419 1753 3483 id
1776 3425 1826 3483 est
1847 3424 1923 3503 post
1946 3437 2065 3481 annum

407 3525 482 3603 849,
506 3524 536 3586 41
560 3522 759 3588 adulescenti
783 3525 937 3589 credibile
962 3532 1011 3589 est
1035 3526 1202 3612 exemplar
1219 3524 1384 3589 Oarnutini
1407 3525 1508 3588 nostri
1533 3524 1636 3588 simile
1660 3525 1692 3588 14
1714 3543 1827 3588 manus
1849 3519 2009 3586 incidisse.

355 3635 385 3684 N
511 3626 675 3691 Parisinus
698 3626 771 3692 Lat.
793 3631 894 3693 11198
933 3626 1051 3714 (suppl.
1084 3627 1157 3693 Lat.
1178 3633 1319 3710 165,16;
1350 3628 1465 3713 Hardy
1488 3649 1519 3692 n.
1537 3625 1615 3712 787)
1645 3647 1728 3692 4444.
1745 3626 1827 3708 XII,
1863 3629 1917 3689 ‘ex
1946 3613 2065 3688 biblio-

406 3727 502 3792 theca
525 3727 561 3792 Ο.
578 3729 617 3793 R.
635 3729 747 3794 Jardel
770 3729 866 3794 Bran.
884 3729 1002 3796 Suess’.
1049 3731 1203 3796 Claudius
1226 3733 1389 3797 Robertus
1409 3732 1430 3796 J
1432 3731 1533 3813 ardel,
1550 3725 1643 3795 natus
1659 3733 1692 3795 14
1709 3732 1778 3794 4144
1798 3729 1916 3794 Β44144
1933 3727 2064 3812 (hisne)

408 3853 436 3895 a.
456 3835 548 3914 1722,
573 3832 741 3898 defunctus
765 3855 793 3898 a.
813 3839 909 3916 1788,
940 3836 1028 3899 cuius
1056 3835 1275 3900 bibliothecae
1310 3836 1451 3919 catalogi
1481 3841 1595 3898 extant
1621 3835 1751 3920 publice
1775 3833 1854 3898 editi
1877 3854 1905 3896 a.
1930 3835 2006 3896 1773
2032 3837 2066 3894 44

411 3940 506 4018 1799,
539 3936 667 4002 codices
698 3937 844 4024 possedit
877 3940 985 4023 plures
1020 3961 1062 4003 ex
1098 3940 1201 4003 414144
1240 3939 1433 4002 monasterio
1467 3939 1834 4002 Praemonstratensium
1868 3934 2065 4001 Saint-Yves

407 4041 448 4105 de
471 4041 589 4105 Β44144
613 4040 789 4127 adquisitos
818 4041 1009 4129 videturque
1040 4044 1092 4107 hic
1116 4064 1158 4106 ex
1183 4063 1221 4106 eo
1253 4063 1386 4106 numero
1419 4063 1499 4108 esse.
1548 4042 1716 4127 praecedit
1746 4043 1888 4128 epitome
1911 4039 2064 4104 historiae

408 4145 647 4210 ecclesiasticae
670 4145 794 4226 Β44144,
818 4146 989 4231 incipiens:
1015 4145 1205 4210 ‘Brittannia
1228 4145 1360 4210 occeani
1382 4146 1503 4228 insula,
1528 4147 1578 4210 cui
1608 4145 1770 4231 quondam
1798 4145 1917 4209 Albion
1946 4161 2066 4206 nomen

408 4248 499 4331 ι14414,
525 4249 654 4313 finiens:
686 4251 731 4313 ‘et
758 4250 842 4314 hanc
870 4251 1022 4336 ystoriam
1056 4252 1089 4314 14
1118 4250 1254 4314 librisV
1276 4251 1308 4313 in
1339 4271 1401 4335 qua
1429 4256 1577 4335 perorat,
1604 4257 1640 4313 ut
1669 4271 1780 4315 omnes
1808 4248 1896 4334 apud
1916 4248 2066 4331 legentes

408 4354 556 4417 ‘imatum
585 4354 636 4438 pie
667 4353 904 4417 intercessionis
933 4354 1083 4417 inveniat.
1122 4349 1238 4418 amen’.
1285 4359 1454 4438 computus
1487 4374 1557 4417 cum
1582 4374 1640 4417 sex
1664 4354 1826 4417 aetatibus
1856 4351 1963 4430 abest,
1986 4350 2065 4415 item

408 4458 473 4521 4144
496 4456 640 4528 Ρ4441411ς
665 4456 841 4536 historiam,
866 4477 949 4542 quae
973 4456 1078 4521 indice
1109 4464 1214 4532 caret,
1240 4458 1404 4542 excipiunt
1434 4458 1594 4522 mirabilia
1617 4457 1796 4522 Hibernica
1826 4456 1966 4520 carmine
1990 4453 2065 4518 red-

408 4559 474 4624 dita
497 4582 569 4626 curn
593 4559 727 4624 exordio
752 4559 792 4624 de
816 4561 1015 4625 mirabilibus
1037 4562 1069 4625 in
1092 4562 1292 4642 universum,
1323 4582 1406 4646 quae
1434 4563 1651 4647 expressimus
1674 4583 1705 4647 p.
1723 4563 1903 4625 219-222.
1960 4556 2066 4622 codex

406 4663 617 4751 praecedenti
644 4664 823 4728 simillimus
852 4664 1042 4751 plerumque
1069 4665 1103 4728 in
1132 4663 1274 4729 deterius
1303 4664 1344 4729 ab
1374 4685 1412 4728 4ο
1440 4664 1579 4740 recedit,
1608 4665 1666 4730 sed
1695 4685 1738 4729 ex
1767 4684 1806 4729 eo
1835 4683 1899 4728 non
1929 4668 1979 4726 444
2008 4659 2066 4724 de-

407 4770 552 4855 scriptus,
575 4790 650 4833 nam
666 4775 828 4833 vetustam
849 4769 977 4832 litterae
994 4765 1319 4857 Anglosanonicae}>
1342 4769 1375 4833 in
1392 4775 1563 4833 4444444444
1587 4791 1618 4853 p.
1637 4774 1706 4851 171,
1723 4775 1759 4834 to
1776 4768 1913 4833 formam
1927 4765 2068 4830 44444414

409 4881 417 4946 4
423 4875 576 4955 Aneeipor
603 4873 660 4954 fiir
681 4873 843 4937 deutsches
864 4871 1045 4937 Aitcrtltunt
1072 4874 1134 4937 441.
1156 4877 1192 4938 18
1216 4895 1245 4937 a.
1267 4875 1347 4938 1892
1370 4895 1401 4958 p.
1420 4873 1496 4957 299)
1528 4880 1562 4937 44
1590 4874 1692 4938 1441444
1720 4874 1772 4938 1414
1802 4873 1867 4936 11114
1892 4871 1979 4935 14444
2007 4867 2068 4933 41141

408 4980 538 5064 propria
561 4979 606 5065 (p.
628 4982 697 5058 170,
714 4982 744 5044 6.
765 4981 812 5041 19.
852 4980 919 5058 171,
936 4983 965 5041 4.
1006 4981 1075 5060 176,
1098 4977 1159 5062 17).

723 5113 825 5120 ——-

514 5188 534 5251 ¹)
553 5189 639 5240 Vitam
664 5189 720 5241 eius
743 5189 872 5239 4444444414
894 5189 921 5238 in
945 5189 1057 5240 editione
1080 5193 1214 5255 poetarum
1238 5189 1295 5238 aevi
1318 5182 1767 5254 044411441414ο1.11144421444.
1790 5185 1939 5236 Ludovicus
1957 5185 2068 5250 Traube,

409 5291 484 5340 quem
503 5283 633 5342 praeterea
657 5276 688 5327 de
712 5292 743 5327 eo
761 5292 805 5342 per
822 5276 921 5328 litteras
939 5275 1066 5327 consului.
1173 5273 1195 5340 ¹)
1215 5275 1373 5326 Benedictini
1393 5274 1464 5338 (acta
1482 5281 1563 5326 sanct.
1583 5275 1679 5326 ordinis
1702 5274 1785 5326 sancti
1803 5272 1933 5323 Benedicti
1952 5287 2018 5322 saec.
2032 5271 2068 5322 1v

409 5361 460 5411 vol.
474 5360 488 5411 1
507 5378 531 5427 p.
544 5359 603 5413 385.
632 5360 711 5414 4412
730 5379 753 5428 p.
767 5358 829 5424 461)
848 5363 958 5414 eundem
970 5362 1132 5414 crediderunt
1151 5363 1267 5413 Marcum
1286 5363 1413 5427 quendam
1430 5361 1604 5428 Scottigenam
1617 5362 1765 5428 episcopum
1778 5359 1913 5424 aequalem
1930 5357 2068 5422 hominem,

410 5449 454 5499 sed
480 5449 582 5499 natione
606 5450 750 5500 llibernum
773 5455 799 5498 44
826 5449 959 5514 degentem
982 5449 1186 5512 defunctumque
1210 5449 1242 5499 ad
1271 5455 1388 5500 salictum
1413 5448 1530 5510 Gallum3
1555 5454 1709 5514 quapropter
1731 5447 1860 5498 diversum
1884 5462 1943 5496 eum
1972 5445 2069 5496 iudicat

410 5535 559 5585 Duemrnler
576 5531 670 5600 (Mine.
693 5535 741 5584 der
764 5535 893 5599 4444144444.
915 5535 1084 5598 Gerellaohost
1104 5535 1131 5584 in
1152 5534 1247 5586 Zttrich
1266 5533 1391 5600 1111260)
1410 5535 1567 5588 adsentiente
1585 5535 1715 5586 Ludovico
1734 5533 1838 5585 'l'raube
1856 5530 1894 5598 (in
1912 5532 1977 5584 actis
1994 5530 2068 5583 acad.

409 5624 512 5674 Monac.
537 5621 675 5671 maioribus
693 5619 744 5670 441.
758 5621 828 5683 XIX,
847 5617 864 5669 2
882 5636 907 5685 p.
926 5618 985 5672 345.
1005 5618 1076 5684 353).
