4554 6316
833 381 1087 476 ADVCHRONIGA
1106 379 1265 438 BEDANA.
1814 385 1876 447 343

1446 559 1646 622 voluntatem
1662 557 1762 642 patria
1784 577 1875 622 coro-

1446 667 1540 726 natus
1576 667 1626 726 est
1662 667 1696 726 et
1729 663 1878 747 regnavit

1446 787 1518 831 cum
1539 771 1632 852 patre
1655 786 1756 830 annos
1772 764 1821 828 VI
1844 771 1878 829 et

1446 889 1575 933 menaea
1605 869 1715 934 VIIII.
1784 872 1858 955 post

1446 979 1586 1038 mortem
1601 993 1678 1038 vero
1700 975 1801 1059 patrie
1817 977 1877 1061 τῇ

1448 1081 1512 1140 offo
1528 1075 1613 1140 XIII
1637 1082 1670 1140 et
1692 1082 1724 1140 m
1740 1075 1803 1142 III.

1404 1180 1467 1244 Hic
1490 1180 1589 1244 etiam
1613 1178 1689 1243 dum
1711 1179 1878 1246 adviveret
1943 1241 1951 1254 ,

1447 1285 1575 1368 legatos
1592 1303 1666 1347 auca
1682 1282 1724 1347 ad
1738 1285 1877 1370 impera-

1449 1394 1554 1452 torem
1585 1386 1775 1452 Lotharium
1803 1390 1877 1454 mit·

1449 1497 1521 1556 tenc
1554 1490 1653 1555 filiam
1688 1511 1778 1555 auam
1812 1492 1877 1556 filio

1451 1597 1520 1660 ciue
1534 1594 1700 1659 Ludovico
1717 1596 1787 1680 regi
1800 1594 1878 1661 dare

1449 1698 1603 1785 promisit.
1650 1697 1709 1762 sed
1726 1697 1801 1763 dum
1817 1701 1879 1764 iata

1448 1807 1619 1887 geruntur,
1651 1801 1739 1865 idem
1768 1801 1877 1868 Theo-

1447 1904 1553 1991 philus
1592 1905 1719 1968 comuni
1756 1913 1860 1972 morte

1439 2007 1608 2072 defunctus
1619 2015 1668 2072 eat
1681 2007 1730 2072 XI
1740 2009 1785 2073 ki.
1797 2010 1878 2076 Feb.

1449 2133 1533 2176 anno
1571 2111 1612 2175 ab
1648 2112 1866 2179 incarnatione

1447 2215 1566 2280 domini
1589 2215 1814 2284 DOOOXLII.

1364 2319 1528 2383 Michahel
1542 2321 1626 2384 filius
1642 2319 1814 2407 Theophili
1830 2323 1878 2386 vi-

1450 2429 1547 2487 vente
1563 2430 1657 2510 patre
1674 2429 1741 2511 re‘g.
1758 2427 1821 2489 arm
1834 2425 1877 2489 ΙΙ.

393 2617 423 2679 2.
453 2635 492 2677 ex
513 2612 655 2694 mareiae
677 2611 794 2676 codicis
816 2609 1023 2675 Ambrosiam
1044 2609 1091 2674 M
1109 2614 1151 2674 12
1171 2632 1242 2692 cup.
1265 2635 1345 2678 socc.
1362 2613 1420 2679 IX
1440 2615 1556 2694 (supro
1574 2635 1607 2698 p.
1623 2615 1713 2698 235).

227 2734 271 2797 ad
292 2756 318 2798 c.
334 2734 415 2798 585:

319 2836 398 2925 [Alb
421 2839 483 2902 isto
507 2837 667 2924 Gregorio
692 2835 882 2924 [oIrdinatus
907 2838 1076 2923 epiecopus
1099 2845 1227 2902 sanctus
1250 2837 1435 2904 Bonifaoiuo
1458 2845 1579 2926 martyr
1602 2839 1642 2904 de
1668 2837 1810 2926 [FIulda.

221 2948 295 3024 post
317 2965 342 3006 c.
361 2945 424 3005 593
446 2943 481 3006 ia
503 2943 661 3024 momine:

313 3047 452 3111 Severus
476 3067 548 3110 ann.
565 3044 673 3110 XVII.
719 3047 812 3110 huius
843 3067 981 3132 namque
1010 3067 1092 3110 anno
1117 3046 1165 3110 XI
1195 3045 1287 3110 Bada
1317 3047 1487 3132 presbyter
1514 3045 1672 3111 dormivit.
1726 3068 1879 3111 necnon

315 3158 349 3215 ot
377 3149 490 3215 Oarlue
523 3152 626 3215 maior
659 3150 773 3215 domus
797 3151 885 3216 obiit.
938 3172 1039 3236 usque
1070 3151 1132 3215 huc
1160 3171 1296 3235 regnum
1324 3150 1544 3214 Romanorum
1573 3151 1690 3214 mansit
1720 3171 1757 3213 ac
1781 3151 1879 3215 stetit.

313 3255 471 3340 Pippinua
500 3255 649 3340 regnavit
678 3275 751 3318 arm.
771 3254 896 3318 XXVI.
954 3255 1042 3318 cuius
1070 3260 1184 3339 quarto
1209 3275 1292 3318 anno
1328 3255 1421 3339 regni
1450 3255 1518 3318 eius
1546 3252 1659 3317 carlus
1688 3253 1788 3317 frater
1811 3254 1879 3317 eiua

313 3357 418 3422 Rome
442 3364 624 3421 tonsoratus
648 3365 707 3422 cat.
741 3379 825 3422 nono
849 3379 927 3422 raro
952 3378 1035 3420 anno
1059 3356 1145 3421 idem
1161 3357 1317 3442 Pippinua
1341 3356 1516 3421 secundum
1540 3377 1663 3421 morem
1678 3356 1877 3421 Francorum

315 3463 438 3527 electus
468 3467 518 3526 cat
545 3461 587 3526 ad
615 3483 727 3548 regam
750 3469 783 3526 et
805 3469 919 3526 unotua
943 3483 1002 3547 por
1023 3482 1154 3526 manum
1178 3468 1308 3526 sanctae
1332 3462 1508 3526 memoriae
1537 3460 1696 3526 Bonifacii
1719 3462 1878 3549 archiepi-

313 3566 403 3653 scopi
437 3572 470 3630 et
503 3567 536 3630 in
565 3567 693 3630 civitate
717 3564 897 3631 suessionis
921 3566 1066 3628 elevatus
1088 3565 1121 3628 in
1144 3586 1280 3650 regnum
1302 3565 1510 3650 permittente
1534 3572 1631 3650 atque
1655 3566 1878 3629 consentiente

316 3670 471 3735 Zacharia
492 3691 579 3756 papa
601 3669 769 3734 Romanae
794 3670 951 3734 ecclesiae
976 3675 1009 3734 et
1030 3667 1215 3733 Hildcriouo
1238 3690 1339 3754 regno
1363 3670 1484 3732 eiectus
1515 3675 1549 3732 et
1578 3670 1711 3734 clericus
1735 3669 1879 3733 effectus.

332 5778 461 5817 amomon
479 5779 513 5817 m.
