4634 6286
833 365 911 422 CVM
929 367 1205 424 ADDITAMENTIS
1224 368 1366 426 NENNII.

1212 543 1372 609 NENNI
1374 544 1426 610 VS

1159 645 1343 729 (0¹³1)me
1366 653 1396 712 et
1418 671 1475 714 om.

1868 383 1924 443 151
2026 367 2032 378 ’

1664 653 1878 720 nonoris
1973 627 1978 640 ’

1105 750 1461 833 primispostrcmiaquc
1470 753 1523 839 L).
1572 756 1976 822 INTERPRETATVS.

1190 895 1285 962 Haec
1301 904 1351 962 est
1366 919 1487 984 genea-

1139 1000 1227 1085 logia
1263 1001 1356 1066 istius
1391 1002 1473 1068 Briti

1125 1103 1227 1190 (bruti
1241 1103 1284 1188 G)
1297 1106 1389 1170 exosi
1403 1129 1485 1172 nun-

1125 1227 1224 1293 quam
1239 1207 1282 1272 ad
1297 1229 1392 1273 senos
1404 1206 1487 1294 [sic]

1087 1335 1098 1373 s
1125 1310 1159 1376 id
1173 1311 1383 1377 estBritoues
1399 1313 1486 1378 ducti

1125 1415 1486 1503 quaudoqucvolebant

1123 1520 1226 1585 Scotti
1239 1517 1354 1605 (seoeti
1370 1518 1413 1605 0)
1426 1541 1484 1584 ne-

1150 1623 1289 1688 scientes
1328 1623 1459 1708 originis

1124 1724 1347 1816 (origench)
1371 1727 1420 1790 sni
1443 1726 1485 1790 ad

1073 1854 1097 1893 ro
1123 1833 1220 1896 istum
1250 1829 1374 1895 domari
1397 1829 1485 1912 (hinc

1122 1935 1238 2016 incipit
1261 1933 1316 2020 L).
1344 1979 1346 1984 ν
1376 1933 1485 1998 Britus

1124 2038 1250 2125 (brutus
1270 2036 1310 2119 G,
1339 2037 1423 2102 brito
1440 2035 1483 2122 L)

1122 2163 1200 2207 vcro
1215 2136 1277 2205 fuit
1295 2140 1379 2205 filius
1395 2138 1485 2204 Silrii

1123 2247 1146 2312 f.
1168 2244 1325 2309 Auchanii
1347 2245 1369 2310 l'.
1392 2243 1484 2308 Enoc

1072 2383 1097 2422 15
1147 2349 1183 2436 (f.
1207 2349 1312 2413 ebncc
1344 2348 1366 2413 f.
1390 2368 1462 2412 asa-

1123 2453 1230 2519 chanii
1244 2450 1288 2538 G)
1306 2453 1327 2517 f.
1343 2451 1485 2517 Anchise

1123 2558 1144 2623 f.
1171 2555 1284 2643 Gapen
1310 2556 1332 2621 f.
1351 2555 1487 2620 Asaraei

1123 2660 1254 2746 (asarici
1267 2659 1313 2746 G)
1329 2660 1350 2724 f.
1366 2658 1448 2723 Tros
1463 2659 1484 2722 f.

1123 2763 1288 2829 Erectonii
1327 2761 1486 2844 (erictonii

1072 2900 1097 2940 ω
1127 2866 1196 2951 On)
1220 2867 1241 2931 i.
1263 2864 1408 2932 Dardani
1430 2865 1486 2929 filii

1122 2972 1246 3058 Iupiter
1273 2969 1368 3056 (iouis
1394 2967 1484 3053 0²L)

1123 3073 1164 3138 de
1187 3094 1309 3160 genere
1334 3073 1414 3137 Cam
1437 3074 1483 3156 (g.

1123 3179 1195 3242 cain
1215 3176 1324 3258 DGL,
1353 3175 1424 3240 cain
1452 3195 1484 3260 g.

1131 3279 1176 3364 Ο)
1217 3278 1274 3344 filii
1320 3277 1484 3343 maledicti

1072 3417 1096 3456 25
1125 3382 1264 3448 videntis
1306 3388 1341 3446 et
1377 3382 1483 3446 riden-

1144 3489 1185 3551 tis
1220 3492 1346 3573 patrem
1379 3484 1461 3549 Noe.

1122 3592 1203 3657 Tros
1225 3592 1319 3676 (quos
1339 3588 1382 3673 G)
1405 3611 1483 3654 vero

1133 3696 1213 3760 duos
1251 3695 1333 3759 filios
1369 3692 1485 3757 habuit

1123 3798 1246 3863 Hilium
1287 3796 1483 3862 Ascraeum-

1071 3932 1097 3972 so
1125 3923 1197 3988 quc.
1242 3900 1349 3965 Hilius
1373 3899 1483 3964 eondi-

1136 4005 1184 4069 dit
1212 4004 1336 4070 Hilium
1359 4005 1471 4069 eivita-

1112 4105 1198 4193 'tem,
1220 4107 1255 4173 id
1278 4115 1328 4174 est
1350 4109 1483 4174 Troiam

1133 4214 1254 4299 primo,
1292 4215 1467 4300 genuitque

1121 4317 1200 4404 (que
1216 4337 1274 4382 orn.
1295 4315 1339 4402 G)
1362 4316 1482 4381 Lame-

1070 4451 1094 4490 ss
1123 4421 1187 4485 don
1219 4420 1279 4505 (sic
1296 4418 1356 4502 D1,
1390 4420 1482 4484 lami-

1121 4525 1184 4589 don
1210 4522 1333 4606 0D²L,
1370 4523 1482 4587 laima-

1124 4627 1188 4692 don
1218 4625 1274 4711 G).
1329 4628 1399 4713 ipse
1434 4634 1484 4691 est

1120 4737 1214 4818 pater
1228 4730 1359 4795 Priami.
1398 4732 1481 4794 Asa-

1121 4835 1214 4900 raeus
1237 4841 1347 4899 autem
1370 4837 1482 4919 genuit

1068 4967 1094 5006 eo
1136 4940 1256 5023 Capen.
1314 4939 1383 5023 ipsc
1419 4943 1469 5002 est

1120 5039 1378 5129 paterAnchise.
1412 5040 1480 5105 An-

1119 5145 1223 5209 chises
1251 5146 1364 5228 genuit
1392 5145 1479 5210 Enc-

1135 5269 1197 5313 am.
1256 5249 1326 5334 ipsc
1357 5247 1466 5313 Encas

1628 1911 1737 1976 Britus
1752 1930 1830 1974 vero
1842 1911 1925 1975 iilius

1564 2013 1671 2098 Siluii,
1702 2015 1759 2079 filii
1781 2013 1923 2096 Ascanii,

1563 2118 1619 2184 filii
1630 2117 1776 2200 Aeneae,
1788 2117 1845 2181 filii
1857 2116 1924 2182 An-

1564 2223 1687 2305 chisae,
1717 2221 1775 2285 filii
1801 2220 1924 2306 Oapen,

1565 2327 1621 2393 filii
1658 2326 1822 2407 Assaraci,
1867 2325 1924 2390 filii

1565 2431 1660 2513 Tros,
1704 2430 1761 2494 lilii
1800 2428 1924 2494 Erech-

1565 2536 1659 2617 tonii,
1690 2533 1747 2598 filii
1769 2532 1925 2616 Dardani,

1564 2639 1621 2704 filii
1643 2638 1746 2717 Iovis,
1779 2637 1837 2702 filii
1864 2636 1924 2701 Sa-

1564 2744 1659 2825 turni,
1682 2741 1739 2807 filii
1762 2739 1843 2822 Geli,
1867 2740 1925 2805 filii

1564 2846 1703 2911 Telluris
1713 2843 1754 2931 ¹),
1782 2844 1839 2909 filii
1861 2844 1924 2908 Zo-

1563 2956 1698 3032 rastrcs,
1741 2949 1798 3013 filii
1835 2947 1923 3012 Mes-

1563 3052 1680 3140 ram2),
1718 3053 1775 3117 filii
1810 3050 1923 3134 Oham,

1563 3159 1620 3223 filii
1634 3156 1799 3222 maledicti
1815 3155 1922 3220 riden-

1563 3262 1604 3325 tis
1649 3266 1776 3346 patrem
1785 3259 1823 3342 ³),
1867 3258 1924 3324 filii

1574 3364 1656 3429 Noe.
1713 3363 1794 3427 Tros
1827 3363 1910 3427 filius

1563 3468 1750 3533 Erechtonii
1768 3466 1849 3532 dnos
1864 3467 1923 3532 ha-

1563 3572 1634 3637 buit
1662 3573 1744 3637 lilios
1772 3572 1867 3638 Ilium
1891 3577 1925 3636 ct

1578 3678 1783 3740 Assaracum.
1829 3676 1909 3740 Ilius

1564 3779 1707 3845 condidit
1716 3779 1822 3861 flium,
1832 3778 1865 3843 id
1876 3785 1926 3844 cst

1563 3883 1710 3966 Troiam,
1745 3883 1805 3947 fuit
1841 3883 1925 3947 filius

1563 3987 1632 4052 eius
1648 3986 1808 4051 Lamidon
1831 3992 1926 4072 pater

1562 4091 1694 4156 Priami.
1745 4091 1924 4156 Assaracus

1563 4203 1672 4260 autem
1696 4203 1789 4281 pater
1811 4194 1924 4283 Oapen

1563 4300 1636 4382 fuit,
1681 4299 1794 4386 (lapan
1829 4305 1925 4385 pater

1562 4402 1741 4485 Anchisae,
1764 4403 1924 4467 Anchises

1563 4514 1656 4594 pater
1679 4506 1831 4589 Aeneae,
1854 4507 1922 4572 Ae-

1562 4633 1641 4677 neas
1663 4617 1758 4698 pater
1779 4609 1921 4692 Ascanii,

1563 4716 1617 4800 qni
1632 4716 1702 4800 ipse
1720 4736 1798 4780 avus
1812 4713 1922 4779 Brito-

1561 4821 1609 4884 nis
1634 4821 1734 4884 exosi.

370 5391 390 5457 ¹)
410 5390 492 5444 ‘Haec
509 5392 578 5458 effeci
595 5408 626 5443 ca
640 5390 779 5442 Hiber-nico
793 5391 844 5442 mic
856 5390 959 5443 Polloir'
978 5391 1097 5444 Zimrter.
1204 5389 1224 5452 ¹)
1245 5389 1379 5442 oteramus
1390 5391 1481 5459 ficticii
1493 5392 1675 5459 recoynitieoes
1688 5409 1706 5442 a
1718 5391 1813 5460 Rufino
1827 5393 1922 5446 Maca

264 5495 351 5531 uersae
369 5484 394 5544 d,
407 5481 453 5529 27.-
477 5479 558 5531 Cham
576 5517 581 5531 .
597 5517 602 5531 .
621 5479 724 5530 cuidam
742 5494 775 5529 cx
793 5478 853 5529 tiliis
871 5479 938 5543 suis,
956 5479 1001 5544 qui
1019 5479 1139 5530 Mesraim
1157 5477 1346 5544 appellabatur,
1364 5494 1381 5530 a
1399 5496 1450 5546 quo
1467 5480 1656 5546 Aegyptiorum
1673 5485 1699 5530 et
1717 5480 1922 5547 Babyloniorum

265 5573 291 5617 at
313 5567 451 5618 Persarum
468 5566 571 5619 ducitur
588 5583 679 5635 genus,
698 5605 704 5617 .
722 5605 728 5617 .
748 5605 754 5618 .
773 5566 887 5633 magicas
904 5567 966 5617 artis
984 5565 1087 5616 tradidit
1103 5564 1278 5630 disciplinam:
1304 5565 1375 5617 hunc
1398 5553 1575 5633 pentasonae
1592 5571 1656 5618 tune
1673 5573 1747 5618 erant
1763 5569 1920 5620 Zoroasuem

266 5653 471 5723 appellaverunt
578 5651 600 5720 ⁸)
619 5651 673 5705 ‘lilii
693 5654 820 5706 maledicti
839 5654 945 5707 ridentis
963 5661 1062 5724 patrem
1080 5651 1178 5704 codices
1196 5653 1248 5705 duo
1268 5653 1362 5705 hadent
1378 5655 1488 5707 Latine'.
1517 5655 1634 5707 Zimmer.
