4634 6286
388 375 446 436 130
1007 367 1179 424 HISTORIA
1201 365 1420 422 BRIT'I'ONVM

384 542 472 608 LIX.
509 541 604 617 Quod
633 549 699 607 tres
724 542 898 627 petitiones
927 543 961 606 in
989 561 1106 606 acervo
1137 541 1199 627 ΕΙ]
1223 562 1243 604 a
1266 539 1395 604 domino
1418 540 1641 626 impetraverit
1668 545 1702 604 et
1730 541 1762 605 in
1795 541 1903 626 speeie
1932 540 2042 604 avium

474 647 596 711 animas
618 645 871 711 Hibemensium
892 645 1036 711 fidelium
1060 645 1102 710 ad
1125 665 1160 710 se
1184 646 1373 710 convenisse
1395 644 1522 710 viderit.

383 750 453 815 LX.
488 750 585 825 Quod
608 757 744 836 quatuor
773 756 807 815 et
835 750 950 837 quibus
977 750 1081 815 modis
1111 757 1240 814 sanetus
1263 749 1421 814 Patricius
1447 749 1552 834 Moysi
1575 748 1754 834 legislatori
1777 754 1981 834 comparetur
2005 753 2040 812 et

471 855 710 940 aequiparetur.

382 957 468 1022 LXI.
504 957 556 1022 De
583 964 687 1023 morte
715 956 867 1040 Hengisti
902 962 935 1022 et
968 955 1054 1042 quod
1090 962 1164 1042 post
1199 956 1268 1021 eius
1298 956 1421 1020 obitum
1450 954 1529 1020 Otta
1558 955 1641 1020 filius
1669 957 1738 1020 eius
1767 955 1870 1019 tenuit
1905 975 2042 1039 regnum

469 1060 759 1126 cantuariensium.

382 1165 487 1230 LXII.
522 1164 574 1229 De
598 1165 718 1229 Arturo
742 1183 821 1248 rege
844 1162 1004 1249 belligero
1029 1171 1062 1229 et
1086 1164 1126 1229 de
1151 1162 1324 1229 duodecim
1347 1162 1452 1244 bellis,
1469 1183 1553 1248 quae
1576 1162 1732 1228 adversus
1747 1161 1896 1228 Saxones
1916 1161 2041 1244 habuit,

469 1275 503 1333 et
530 1268 571 1333 de
599 1267 740 1352 imagine
768 1274 900 1332 sanctae
928 1268 1071 1350 Mariae,
1101 1269 1134 1333 in
1157 1289 1221 1354 qua
1244 1267 1505 1352 triumphaverit,
1538 1273 1571 1330 et
1594 1273 1673 1352 quot
1696 1265 1953 1332 adversariorum
1975 1287 2041 1330 uno

471 1374 595 1460 impetu
617 1371 830 1457 prostraverit
851 1379 892 1452 (c.
910 1375 961 1438 61.
986 1376 1028 1438 62
1051 1374 1085 1436 in
1106 1374 1170 1452 liae
1193 1371 1319 1449 indicis,
1341 1371 1398 1434 sed
1418 1392 1458 1435 m.
1476 1374 1495 1432 1
1516 1370 1672 1452 supplevit
1694 1371 1786 1454 cod).

384 1494 506 1559 LXIII.
543 1491 636 1566 Quod
671 1491 818 1557 Saxones
858 1512 988 1578 semper
1022 1499 1055 1557 et
1090 1493 1158 1557 sine
1192 1492 1430 1578 intermissione
1464 1490 1504 1556 de
1540 1490 1715 1555 Germania
1749 1497 1860 1555 corba
1890 1479 2053 1556 Britones'

470 1598 623 1662 auxilium
653 1595 809 1682 petebant
838 1601 871 1659 et
893 1596 1112 1682 multipliciter
1134 1595 1338 1680 augebantur
1361 1602 1395 1660 et
1417 1615 1527 1660 secum
1550 1615 1661 1680 reges,
1689 1602 1725 1659 ut
1746 1600 1922 1681 regnarent
1944 1615 2044 1679 super

470 1722 537 1784 eos,
561 1700 775 1782 deducebant,
798 1720 900 1786 usque
924 1700 966 1764 ad
987 1699 1057 1780 Ida,
1080 1702 1135 1786 qui
1157 1702 1280 1787 primus
1305 1701 1455 1786 regnavit
1475 1701 1508 1764 in
1530 1699 1669 1765 Bemica
1692 1699 1760 1785 (uel
1781 1699 1925 1764 bemicia
1940 1718 2044 1780 supra

469 1826 497 1870 v.
528 1804 621 1889 cod).

386 1925 507 1990 LXIV.
541 1924 593 1989 De
616 1924 676 1988 Ida
698 1925 802 2010 primo
818 1923 1098 1990 Northimbrorum
1123 1947 1202 2011 rege
1227 1927 1352 1991 eteius
1382 1946 1503 2012 genere
1527 1931 1560 1990 et
1582 1923 1623 1989 de
1654 1925 1755 1989 sancti
1784 1923 1911 1989 Paulini
1936 1924 2042 1989 arehi-

471 2029 614 2115 episcopi
636 2027 844 2114 baptismate.

384 2149 488 2213 LXV.
522 2147 614 2223 Quae
638 2150 702 2213 sint
723 2149 853 2213 uomina
875 2147 1026 2212 XXVIII
1050 2149 1214 2214 civitatum
1239 2151 1485 2236 praecipuarum
1508 2150 1703 2216 Britanniae.

592 2320 643 2384 De
665 2320 868 2386 mirabilibus
890 2321 1075 2386 Britannice
1098 2321 1211 2386 insule.

384 2443 506 2507 LXVI.
540 2442 591 2506 De
613 2463 732 2527 magno
755 2444 828 2507 lacu
849 2443 1052 2524 Lummonu,
1077 2444 1131 2528 qui
1153 2441 1290 2527 Angliee
1314 2447 1448 2506 vocatur
1460 2440 1649 2505 Lochleueu
1672 2442 1704 2504 in
1727 2443 1861 2526 regione
1878 2443 2043 2509 Pictorum

474 2553 507 2611 ct
531 2546 571 2610 de
595 2544 740 2610 OSOXL
763 2547 873 2610 insulis
894 2547 927 2610 in
951 2567 989 2610 eo
1013 2547 1136 2632 positis,
1158 2547 1191 2610 in
1215 2547 1330 2632 quibus
1351 2545 1496 2610 homines
1514 2545 1662 2609 habitant
1685 2552 1718 2610 et
1740 2544 1875 2610 totidem
1899 2548 2043 2632 rupibus,

473 2650 588 2735 quibus
611 2649 751 2713 ambitur
779 2650 876 2714 etde
900 2648 1045 2715 cccxl.
1076 2649 1159 2714 nidis
1189 2651 1367 2735 aquilarum
1396 2651 1428 2713 in
1456 2650 1502 2712 cis
1524 2649 1638 2712 locatis
1669 2651 1831 2736 tantisque
1859 2651 2043 2715 fluminibus

470 2753 501 2816 in
528 2752 601 2817 lacu
629 2754 830 2817 currentibus
855 2759 887 2817 et
910 2753 1080 2840 quodnisi
1103 2773 1201 2818 unum
1225 2754 1345 2817 flumen
1369 2753 1439 2817 fluit
1462 2752 1503 2817 ad
1526 2773 1626 2832 mare,
1650 2752 1737 2839 quod
1759 2759 1894 2818 vocatur
1916 2753 2041 2819 Leuen.

593 2924 658 3011 (De
682 2925 880 2990 mirabilibus
902 2925 1022 2991 Menae
1045 2927 1169 2991 insulae
1191 2926 1323 2990 mabrica
1348 2926 1420 3003 ina,
1442 2925 1497 2990 sed
1518 2946 1591 2990 moa
1612 2924 1722 2990 aaut
1744 2925 1825 3010 cod.)

384 3048 523 3113 LXVII.
558 3047 609 3110 Da
632 3047 762 3110 flumine
785 3045 871 3132 quod
896 3048 996 3112 instar
1019 3047 1076 3112 alti
1099 3047 1216 3112 montis
1241 3047 1408 3110 excrescit.

384 3168 542 3234 LXVIII.
578 3167 629 3232 De
653 3172 768 3252 stagno
792 3167 914 3251 calido,
946 3169 1066 3254 inquo
1098 3168 1217 3232 balnea
1248 3173 1322 3231 sunt
1343 3165 1485 3230 Badonis
1508 3166 1684 3232 secundum
1706 3168 1953 3253 uniuscuiusque
1977 3169 2044 3232 voti

472 3272 678 3337 desiderium.

383 3392 560 3459 LXVIIII.
593 3393 645 3457 De
669 3393 760 3456 salsis
782 3393 935 3477 lontibus,
960 3392 1000 3458 de
1026 3394 1142 3480 quibus
1165 3414 1251 3479 aqua
1276 3393 1412 3458 ebullita
1432 3393 1465 3457 in
1488 3394 1536 3456 sal
1560 3353 1765 3459 convertitur.

383 3515 487 3580 LXX.
524 3513 695 3587 Quomodo
713 3536 899 3600 spumarum
915 3515 1033 3580 cumuli
1048 3514 1189 3579 inlitora
1207 3513 1343 3578 Sabrina
1362 3511 1527 3594 recedunt,
1544 3513 1704 3598 prodeunt
1720 3519 1754 3578 et
1768 3512 1829 3576 sibi
1844 3518 2039 3599 repugnant.

384 3635 505 3700 LXXI.
542 3633 712 3708 Quomodo
741 3640 892 3720 stagnum
918 3634 1044 3699 Livaue
1073 3633 1209 3698 devorat
1240 3640 1274 3698 et
1308 3640 1446 3715 eructat,
1478 3634 1592 3698 erescit
1624 3640 1658 3698 et
1687 3634 1828 3698 absumit
1859 3640 1893 3699 et
1920 3635 2038 3699 invitos

473 3744 641 3825 equestres
665 3759 838 3803 conversos
862 3737 905 3802 ad
927 3759 963 3803 se
985 3739 1154 3824 protrahit.

385 3861 528 3927 LXXII.
562 3859 613 3922 De
638 3858 727 3923 fonte
751 3858 913 3940 Guorelie,
936 3859 969 3922 in
993 3880 1056 3944 quo
1080 3866 1233 3945 quattuor
1255 3880 1378 3945 genera
1402 3859 1537 3945 piscium
1560 3857 1772 3924 inveniuntur.

384 3981 542 4047 LXXIII.
575 3979 627 4044 De
651 3979 788 4062 fraxino,
813 3979 853 4044 de
879 4001 941 4066 quo
964 3999 1061 4067 poma
1083 3982 1257 4067 gignuntur
1279 3981 1371 4044 iuxta
1393 3981 1512 4044 flumen
1535 3978 1640 4064 (lucy.

384 4099 562 4164 LXXIIII.
595 4099 647 4163 De
671 4105 779 4180 vento,
803 4101 857 4186 qui
880 4100 921 4165 de
945 4101 1040 4166 fovea
1063 4101 1203 4189 quadam
1226 4101 1267 4166 de
1290 4102 1423 4187 regione
1448 4100 1556 4165 Guent
1579 4101 1720 4164 nascitur
1743 4108 1776 4166 et
1800 4101 1975 4187 egreditur.

384 4221 521 4286 LXXV.
556 4219 607 4284 De
631 4221 734 4284 altare
758 4220 800 4285 de
821 4221 1001 4307 Longarith
1024 4222 1111 4308 quod
1132 4225 1165 4287 in
1188 4223 1306 4288 nichilo
1331 4223 1470 4302 fulcitur,
1494 4221 1553 4286 sed
1575 4227 1655 4285 nutu
1677 4220 1730 4286 dei
1753 4243 1917 4308 appenso,
1942 4229 1975 4288 et
1999 4222 2040 4288 de

471 4345 606 4409 corpore
630 4323 796 4389 cuiusdam
825 4326 927 4390 sancti
953 4327 1045 4390 iuxta
1075 4327 1178 4391 altare
1203 4327 1348 4413 sepulto,
1374 4324 1471 4391 etde
1494 4325 1634 4390 vindicta
1658 4326 1770 4408 celeri,
1795 4347 1891 4413 quam
1915 4347 1973 4412 pro
1998 4348 2038 4391 eo

472 4429 600 4514 experti
623 4433 696 4491 sunt
719 4427 781 4492 duo
804 4429 873 4492 viri.

384 4531 537 4598 LXXVI.
570 4530 623 4594 Dc
655 4530 744 4595 fonte
773 4533 864 4596 iuxta
886 4533 1005 4598 vallum
1028 4535 1118 4620 putei
1146 4534 1270 4598 Mourie
1294 4540 1328 4599 et
1350 4532 1391 4598 de
1413 4533 1502 4620 ligno
1526 4532 1613 4619 quod
1640 4532 1671 4596 in
1700 4553 1740 4597 eo
1763 4533 1937 4616 iuvenitur,
1962 4555 2042 4620 quo-

471 4634 567 4701 modo
591 4633 695 4699 triduo
717 4635 750 4699 in
771 4637 853 4700 mari
877 4636 1023 4702 demorat
1046 4646 1079 4702 et
1102 4637 1154 4702 die
1178 4659 1308 4724 semper
1330 4644 1444 4723 quarto
1467 4638 1513 4702 ibi
1536 4639 1652 4702 iterum
1675 4639 1864 4724 reperiatur.

385 4739 558 4805 LXXVII.
592 4738 644 4803 De
671 4740 808 4825 vestigio
832 4737 934 4810 Gabai
968 4741 1055 4804 canis
1087 4741 1198 4806 Arturi
1231 4743 1264 4807 in
1301 4742 1435 4827 regione
1464 4740 1577 4821 Buelt,
1607 4747 1640 4805 et
1668 4740 1709 4806 de
1739 4739 1847 4827 lapide
1871 4742 1925 4827 qui
1948 4762 2044 4827 super

473 4845 635 4909 cumulum
659 4849 824 4928 petrarum
849 4845 972 4929 positus
996 4852 1046 4909 est
1071 4846 1235 4931 quomodo
1262 4845 1338 4909 inde
1362 4845 1470 4931 sepius
1493 4845 1619 4910 ablatus
1642 4865 1771 4932 semper
1796 4844 1841 4910 ibi
1864 4851 1972 4909 tamen
1996 4851 2045 4909 est

473 4946 694 5033 reperiendus.

387 5051 576 5116 LXXVIII.
611 5052 662 5116 De
687 5054 810 5118 tumulo
834 5051 931 5132 Amr,
966 5053 1019 5138 qui
1043 5053 1150 5136 sepius
1172 5060 1375 5118 mensuratus
1396 5073 1560 5139 nunquam
1588 5054 1620 5117 in
1649 5051 1765 5118 eodem
1789 5059 1873 5117 statu
1896 5072 2045 5117 mensure

474 5157 535 5220 erit
557 5155 779 5222 inveniendus.

591 5313 643 5378 De
667 5312 868 5377 mirabilibus
900 5313 1010 5378 Monie
1034 5313 1148 5395 insule,
1172 5335 1235 5398 que
1258 5313 1396 5399 Anglice
1418 5313 1592 5400 Engleseie
1615 5320 1758 5394 vocatur,
1780 5311 1814 5378 id
1837 5319 1887 5378 est
1908 5313 2012 5378 insula

695 5415 887 5501 Anglorum.

386 5536 541 5603 LXXIX.
575 5538 627 5603 De
650 5538 745 5601 litore
770 5537 838 5602 sine
861 5538 952 5602 mari.

385 5642 523 5707 LXXX.
556 5643 607 5707 De
631 5649 742 5707 monte
767 5649 816 5706 ter
838 5643 871 5706 in
894 5663 977 5706 auno
1000 5643 1136 5730 girante.
