4538 6316
380 323 442 386 tto
1069 309 1344 368 nnornsunnna

378 496 410 548 ad
429 512 453 561 p.
464 491 499 546 90
516 493 560 545 lib.
574 509 634 560 gen.
650 494 676 543 11
688 487 755 544 sao
776 507 886 557 qnorum
909 487 1036 556 mnium]
1060 487 1208 556 Segeiridus
1225 487 1337 551 Melsler,
1362 487 1407 552 qui
1425 487 1528 538 Frickio
1551 487 1663 540 codicem
1681 483 1802 548 contulit,
1824 483 1888 550 legit
1906 480 2040 549 qrsonicac

482 595 530 646 qsre
548 585 659 644 opertam
676 579 763 630 codice
783 577 868 629 denuo
889 575 1004 642 inspecto
1022 575 1199 641 consultisque
1217 575 1307 626 amicis
1325 575 1412 642 peritis
1429 573 1601 625 iudicavimus
1613 571 1685 640 siglis
1702 587 1765 622 sane
1782 569 1831 621 hoc
1848 570 1905 622 loco
1922 569 2040 622 obscuris

481 665 623 732 significari
641 681 715 732 posse
732 664 854 730 moniam
872 670 977 728 operm.

378 771 411 822 ad
429 787 454 837 p.
467 767 501 822 98
518 769 580 821 Chr.
597 769 640 821 sl.
652 765 687 820 60
704 785 754 820 scr.
766 764 804 832 (4)
823 768 907 820 Greci.
926 764 964 833 (5)
983 765 1060 820 Medi.

379 874 412 925 ad
430 891 456 941 p.
467 869 518 924 102
534 873 579 925 lib.
597 889 657 939 gen.
675 889 697 924 c.
709 870 758 923 151
787 870 1022 938 interpungendum
1049 870 1101 921 luit
1112 867 1258 937 ,Bgtpm'cm
1275 875 1390 932 meran,
1413 865 1539 936 Fsypicm
1557 867 1683 931 citiorum
1706 867 1766 920 item
1784 867 1844 920 cnr.
1863 867 1936 918 Alex.
1954 883 1977 919 c.
1988 863 2040 917 123

482 959 633 1027 Bithyniam
654 959 787 1024 cntiqstcm
804 958 849 1024 qui
870 965 985 1020 vocabar,
1010 954 1144 1023 Frypions.
1181 956 1282 1008 monuit
1303 957 1335 1006 Κ.
1352 957 1372 1005 Ι.
1391 956 1527 1007 Neumsnn
1545 953 1672 1006 Dennaba
1689 953 1952 1020 Liberatus-Zeibtuq
1971 949 2040 1004 1894

482 1063 506 1113 p.
517 1043 582 1107 555;
601 1046 708 1096 subesse
725 1046 827 1096 Graeca
846 1040 977 1094 Βιθυνίαν
995 1035 1118 1110 ninguida
1138 1039 1261 1112 Φρυγίαν
1279 1038 1330 1109 τήν
1348 1036 1405 1091 ἄνω
1423 1039 1604 1110 καλουμένην.

379 1152 413 1201 ad
430 1167 454 1216 p.
468 1146 518 1200 147
537 1166 562 1199 v.
574 1145 617 1200 24.
652 1147 795 1200 Diomedae
813 1148 945 1200 dedicatus
963 1148 1055 1200 titulus
1072 1148 1245 1212 Aquincensis
1262 1153 1302 1200 est
1319 1147 1347 1198 in
1365 1146 1393 1198 C.
1412 1149 1433 1198 1.
1452 1148 1482 1199 1..
1500 1146 1566 1198 ms
1584 1163 1610 1199 n.
1623 1143 1716 1198 10393.

380 1255 414 1306 ad
432 1271 455 1321 p.
470 1249 520 1305 189
537 1269 560 1304 c.
572 1249 718 1305 521-524,
755 1255 785 1304 ln
804 1252 921 1320 margine
939 1268 987 1304 scr.
1002 1251 1052 1304 (ih
1069 1261 1161 1320 quater
1178 1268 1224 1320 pro
1238 1250 1261 1302 0
1276 1251 1318 1302 vel
1331 1251 1363 1304 θ.

380 1358 413 1408 ad
430 1373 455 1424 p.
467 1354 520 1408 205
537 1372 562 1408 a.
576 1353 625 1408 261

536 1443 616 1494 senii
634 1458 683 1493 orn.
694 1439 740 1507 SV(
746 1439 774 1507 ¹).

381 1547 414 1598 ad
432 1543 583 1614 philbseq.
618 1547 650 1596 In
677 1547 805 1613 excerptis
830 1562 863 1597 ex
890 1547 1010 1598 chronico
1037 1547 1155 1598 Paschali
1178 1547 1247 1613 quod
1271 1563 1323 1598 non
1346 1545 1463 1612 separavi
1481 1545 1624 1597 Malaliana
1646 1544 1679 1596 ab
1702 1543 1748 1608 iis,
1770 1559 1838 1609 quae
1860 1542 2040 1594 consularibus

485 1633 775 1700 Constantinopolim
801 1633 967 1700 respondent,
993 1633 1051 1684 ideo
1075 1635 1173 1684 iactum
1195 1639 1244 1697 est,
1271 1632 1340 1698 quod
1364 1632 1505 1684 secundum
1532 1632 1603 1699 legas
1627 1631 1711 1698 operis
1740 1629 1922 1681 abstinendum
1949 1629 1999 1680 tuit
2022 1644 2041 1679 a

485 1722 626 1774 tractandis
642 1722 756 1784 Graecis,
774 1722 842 1772 sicin
858 1721 971 1788 explicui
990 1719 1070 1772 void
1087 1737 1112 1788 p.
1125 1718 1167 1774 45.
1204 1721 1248 1773 sed
1266 1721 1379 1788 paenitet
1402 1722 1452 1772 iam
1469 1720 1647 1772 oboedientiae
1668 1719 1771 1783 nimiae,
1796 1715 1939 1782 meliusque
1956 1715 2040 1766 Mala-

485 1808 556 1876 liana
573 1805 697 1873 (indicata
713 1807 731 1860 l.
746 1805 781 1872 c.)
799 1807 948 1859 omisissem.

382 1914 415 1966 ad
433 1931 458 1981 p.
471 1908 522 1964 209
539 1928 565 1964 a.
576 1908 631 1965 473

537 2016 587 2050 ser.
606 1999 712 2066 plilippo
726 1996 754 2050 0.

383 2105 415 2156 sd
432 2121 457 2172 p.
469 2101 522 2155 214
538 2119 562 2155 a
574 2099 626 2154 658

538 2206 587 2241 scr.
605 2187 791 2240 hchenobarbo
804 2204 857 2254 pro
874 2189 1068 2240 hobenobardo.

383 2295 416 2345 ad
433 2311 458 2362 p.
470 2290 523 2345 216
541 2309 565 2345 a.
575 2289 626 2346 715

539 2397 588 2432 sor.
608 2375 786 2446 Κενσωρῖνου.

382 2485 417 2536 ad
433 2502 459 2552 p.
472 2481 521 2536 231
542 2500 566 2536 a.
579 2481 639 2536 306.
674 2484 751 2536 Diem
767 2479 822 2552 uno*
839 2479 864 2549 η’
881 2478 1028 2534 καλανδῶν
1048 2475 1215 2549 asystaton
1232 2484 1312 2535 habet
1329 2483 1475 2536 Chronicon
1493 2483 1617 2550 paschale
1636 2483 1723 2550 paullo
1742 2490 1826 2536 antes.

384 2589 418 2641 ad
435 2607 460 2656 p.
472 2587 524 2642 249
541 2591 591 2642 sub
608 2592 621 2641 Ι
637 2589 714 2642 adde:

546 2679 548 2684 ⁴
835 2674 862 2725 P
878 2694 910 2718 =
928 2675 1010 2726 codex
1027 2675 1169 2726 Vaticanus
1187 2674 1321 2726 Palatinus
1339 2691 1365 2726 n.
1378 2671 1428 2726 927
1448 2691 1516 2726 saec.
1529 2676 1587 2726 XIL

338 2789 339 2792 ’
384 2778 417 2830 sd
436 2797 460 2847 p.
473 2777 532 2832 259.
568 2780 675 2832 Carolus
693 2780 771 2831 Fricls
789 2779 859 2844 (vide
871 2794 951 2846 supra
963 2780 1033 2846 adp.
1046 2777 1074 2842 5)
1087 2779 1209 2830 chronica
1222 2778 1425 2832 Theodericiana
1443 2779 1537 2830 codicis
1549 2779 1663 2831 Palatini
1676 2779 1765 2832 mem
1777 2795 1833 2832 esse
1845 2797 1945 2847 negans
1963 2789 2042 2848 atque

489 2883 556 2932 quae
575 2868 739 2918 conducatur
756 2867 843 2918 codice
861 2866 1028 2930 Berolinensi,
1047 2873 1182 2933 propterea
1199 2866 1267 2932 quod
1285 2866 1391 2918 librario
1409 2866 1448 2917 illi
1460 2867 1559 2933 placuit
1570 2867 1726 2918 lordoniana
1738 2867 1865 2935 quaedam
1877 2869 1909 2919 iis
1921 2869 2041 2934 inserere

488 2970 539 3004 non
558 2960 609 3004 tam
633 2955 764 3005 diversum
785 2970 803 3005 a
823 2952 1028 3004 Bethmanniano
1050 2953 1175 3004 iudicium
1198 2953 1259 3005 tulit
1276 2969 1355 3018 quam
1373 2953 1440 3004 idem
1458 2953 1577 3021 repetivit
1595 2955 1678 3006 forma
1701 2960 1816 3006 mutata:
1838 2953 1997 3021 &queram
2014 2955 2043 3006 di

483 3039 591 3103 parole,
608 3046 676 3091 recte
695 3039 761 3091 dixit
773 3039 873 3107 Cipolla
890 3040 935 3106 qui
954 3040 985 3090 de
1003 3038 1094 3091 iisdem
1111 3039 1239 3091 chronicis
1257 3041 1403 3106 nuperrime
1418 3040 1471 3108 egit
1488 3041 1515 3090 in
1527 3046 1641 3092 tractatu
1652 3041 1812 3108 amplissimo
1825 3041 1965 3094 Bullettinc
1978 3043 2042 3094 dctt’

487 3125 600 3176 instincto
617 3127 710 3178 stov-ico
728 3127 844 3178 Italicus
862 3124 918 3179 ιι.2
936 3123 1044 3192 (Romae
1063 3123 1141 3189 1892)
1160 3143 1184 3192 p.
1198 3121 1290 3177 7-98,
1327 3126 1427 3193 Cipolla
1450 3132 1477 3178 et
1498 3126 1529 3179 ds
1552 3133 1662 3193 unoque
1687 3127 1774 3178 codice
1796 3127 1833 3178 ita
1856 3128 1994 3194 iudicavit,
2013 3137 2042 3182 nt

489 3213 601 3264 iudicavi
619 3230 675 3280 ego,
693 3220 720 3265 at
736 3213 883 3266 Palatinum
900 3213 995 3265 librum
1013 3220 1081 3266 recte
1100 3213 1279 3281 pronuntiavit
1295 3213 1414 3265 inutilem
1433 3231 1497 3278 asse,
1516 3231 1568 3265 non
1586 3220 1656 3266 recte
1676 3215 1834 3281 ubicumque
1853 3215 1929 3267 lectio
1947 3216 2043 3269 codicis

489 3300 543 3352 iam
563 3301 736 3354 Bcrolineneis
759 3319 775 3353 a
798 3317 838 3353 me
858 3302 938 3352 relata
961 3302 1057 3353 recedit
1081 3319 1098 3352 a
1121 3299 1374 3362 Gardthauseniana,
1398 3302 1526 3368 optionem
1550 3301 1617 3352 inter
1641 3307 1776 3367 utramque
1794 3301 1842 3353 sibi
1860 3301 1970 3354 liberam
1987 3320 2043 3356 esse

489 3387 647 3438 existimans.
682 3387 820 3450 Rueblius,
839 3402 856 3438 a
873 3403 925 3452 quo
942 3387 975 3438 ad
994 3387 1107 3439 codicem
1125 3387 1198 3438 illum
1217 3386 1461 3439 Gardthauseniana
1478 3387 1556 3440 editio
1573 3388 1677 3454 pendet,
1701 3389 1749 3440 etsi
1767 3389 1846 3456 perite
1863 3395 1891 3441 et
1907 3389 2044 3458 diligenter

488 3473 573 3526 cilicio
591 3476 697 3526 iunctus
715 3481 768 3540 est,
787 3491 835 3542 ego
852 3474 886 3526 ab
904 3475 961 3527 eius
979 3475 1089 3526 lectione
1107 3492 1160 3540 non
1178 3474 1284 3526 discessi
1302 3474 1352 3526 uisi
1369 3474 1457 3526 codice
1475 3475 1577 3526 interim
1596 3481 1683 3526 nostro
1702 3477 1769 3526 facto
1787 3492 1846 3527 cum
1864 3490 1929 3528 cura
1948 3475 2044 3528 erami-

490 3569 559 3612 nato.
594 3561 704 3627 exempli
722 3576 878 3613 causacum
901 3562 934 3612 ad
958 3561 1081 3627 anonymi
1099 3561 1231 3612 Valesiani
1249 3577 1271 3612 c.
1284 3557 1318 3613 57
1338 3559 1373 3628 (p.
1387 3557 1445 3623 322,
1455 3558 1481 3623 2)
1505 3561 1719 3614 Gardthausenns
1743 3569 1803 3614 ante
1821 3579 1846 3614 v.
1871 3562 2045 3615 Theodoriana

488 3648 675 3700 adnotavisset:
694 3647 744 3700 lae.
757 3654 771 3700 1
788 3665 862 3712 cera,
878 3649 906 3699 id
922 3665 970 3714 ego
989 3648 1090 3710 sustuli,
1110 3647 1234 3712 quoniam
1253 3647 1333 3699 codex
1351 3648 1387 3699 ibi
1405 3663 1457 3698 non
1476 3649 1537 3714 hiat,
1555 3648 1600 3700 sed
1620 3649 1694 3701 solito
1707 3665 1776 3701 more
1788 3648 1954 3702 interstitium
1967 3650 2045 3701 babet

490 3750 581 3786 versus
599 3735 678 3786 unius
696 3752 747 3787 non
765 3737 861 3803 scripti,
879 3742 905 3787 et
923 3735 977 3787 sine
995 3751 1075 3787 causa
1093 3734 1194 3801 Gipolla
1211 3752 1236 3801 p.
1249 3732 1284 3785 49
1302 3736 1431 3801 queritur:
1451 3735 1479 3785 ic
1497 3735 1593 3786 icauna
1612 3773 1639 3786 ..
1657 3753 1711 3788 aon
1730 3737 1758 3787 ic
1775 3744 1846 3788 nouo
1864 3737 1979 3788 iudicatu
1997 3737 2045 3788 dal

491 3822 641 3874 Momnueu.
677 3823 744 3874 idem
763 3840 787 3889 p.
800 3821 835 3874 50
852 3839 911 3874 cum
930 3829 1011 3890 negat
1028 3824 1135 3889 plenum
1154 3823 1263 3874 duorum
1281 3821 1405 3874 librorum
1423 3821 1596 3874 Berolinensis
1619 3829 1646 3874 et
1662 3822 1774 3874 Palatini
1792 3824 1891 3874 variam
1908 3823 2044 3876 lectionem

490 3910 518 3960 in
535 3925 593 3961 mea
610 3909 720 3960 editione
738 3908 852 3976 reperiri,
870 3916 978 3961 eatenus
995 3908 1021 3960 id
1038 3925 1130 3959 verum
1148 3914 1196 3971 est,
1214 3909 1284 3974 quod
1302 3910 1440 3976 suppressi,
1459 3915 1489 3960 ut
1507 3909 1595 3960 monui
1613 3927 1637 3976 p.
1649 3907 1675 3961 6.
1695 3907 1760 3974 260,
1778 3917 1830 3962 tam
1848 3910 2045 3978 orthographica

491 3996 612 4064 pleraque
624 4011 701 4061 quam
714 3996 901 4062 recognitorum
913 3996 1072 4047 anteriorum
1084 4012 1183 4048 errores
1195 4011 1210 4046 a
1223 4011 1264 4047 ma
1277 3996 1395 4056 reiectos;
1415 4001 1548 4062 praeterea
1559 3996 1712 4049 leviusculis
1725 3996 1839 4063 exceptis
1849 3994 1891 4061 (ut
1904 4014 1930 4064 p.
1940 3993 2001 4060 314,
2011 3994 2045 4048 34

492 4083 537 4135 ubi
548 4082 607 4134 dedi
619 4099 668 4133 suc
679 4081 710 4145 P,
729 4099 782 4133 non
794 4082 971 4142 animadverti,
989 4083 1058 4148 quod
1073 4082 1253 4134 animadvertit
1264 4082 1371 4149 Gipolls,
1390 4082 1417 4132 id
1428 4089 1570 4134 correctum
1583 4099 1639 4135 esse
1652 4098 1685 4135 ex
1696 4099 1744 4134 sao
1761 4109 1796 4119 -
1812 4081 1826 4134 1
1840 4080 1926 4150 pale
1943 4099 1966 4134 c.
1975 4080 2017 4146 54,
2028 4081 2045 4134 9

492 4189 544 4222 non
561 4169 855 4235 consummatissima
877 4197 911 4206 -
934 4166 1029 4236 pete,
1042 4165 1076 4220 13
1102 4168 1126 4221 si
1146 4169 1263 4220 additum
1284 4183 1340 4220 esse
1366 4186 1382 4220 a
1403 4169 1488 4237 prima
1515 4184 1595 4220 manu
1619 4169 1724 4236 insuper
1747 4165 1846 4235 habui),
1872 4169 1960 4221 videor
1982 4169 2045 4221 mihi

491 4259 604 4312 Palatini
626 4273 730 4325 quoque
747 4257 807 4309 libri
826 4257 925 4308 variam
943 4256 1079 4308 lectionem
1099 4255 1261 4322 proposuisse
1279 4255 1405 4322 integram
1422 4262 1449 4306 et
1466 4271 1561 4307 veram.
1597 4257 1623 4307 in
1643 4256 1674 4308 iis
1692 4262 1779 4308 autem
1797 4271 1864 4322 quae
1881 4257 1959 4308 reieci
1976 4263 2045 4326 recte

493 4363 533 4398 me
552 4345 642 4397 fecisse
659 4352 686 4396 et
703 4359 759 4397 esse
776 4345 854 4395 etiam
872 4344 994 4396 nocivum
1012 4343 1116 4408 aliquod
1129 4343 1277 4418 diligentiae
1288 4358 1372 4410 genus
1384 4359 1444 4395 vere
1462 4343 1537 4410 periti
1555 4359 1606 4395 non
1624 4343 1766 4410 negabunt
1802 4344 1872 4410 quod
1890 4345 1912 4395 si
1929 4343 2045 4396 minutiis
2141 4357 2143 4360 ·

494 4435 533 4494 iis,
551 4450 617 4499 quae
633 4432 668 4482 ad
684 4432 819 4484 lectionem
837 4430 1043 4483 constituendam
1063 4429 1135 4482 nullo
1153 4429 1227 4480 modo
1245 4429 1359 4491 faciunt,
1382 4429 1522 4482 editionum
1540 4430 1669 4496 margines
1686 4438 1829 4482 onerantur
1845 4438 1871 4483 et
1887 4431 1938 4482 tide
1955 4431 2045 4482 editori

492 4521 621 4586 denegata
638 4519 802 4586 accipiuntur
819 4525 905 4586 spreta
928 4535 973 4584 pro
999 4516 1138 4582 neglectis,
1162 4516 1247 4568 bonas
1264 4516 1367 4568 litterae
1383 4515 1506 4584 peribunt
1527 4517 1555 4566 in
1572 4516 1636 4568 mari
1658 4534 1752 4584 magno
1769 4517 1947 4570 inutilitatium
1965 4517 2047 4585 philo-

493 4607 644 4674 laginarum.

390 4713 424 4767 ad
442 4730 467 4780 p.
478 4709 537 4763 260.
572 4710 714 4762 Adnotavit
736 4711 843 4761 Carolus
865 4708 965 4775 Cipolla
982 4707 1009 4771 (l
1025 4724 1047 4760 c.
1067 4725 1091 4774 p.
1103 4704 1148 4772 24)
1176 4705 1204 4756 iu
1230 4705 1317 4757 codice
1341 4706 1461 4759 Palatino
1485 4705 1609 4774 chronica
1634 4709 1834 4762 Theodericiana
1854 4709 1929 4761 finire
1950 4711 1968 4761 t.
1989 4706 2046 4771 132,

494 4799 567 4866 sequi
585 4799 670 4850 locum
688 4815 720 4849 ex
738 4797 847 4864 dialogis
864 4797 982 4864 Gregorii
1000 4793 1122 4847 Iulianas
1139 4811 1250 4860 namqm
1268 4795 1390 4858 eundem,
1408 4812 1483 4862 quem
1501 4812 1549 4864 ego
1574 4794 1628 4864 pl
1646 4797 1734 4848 rettuli
1757 4796 1848 4848 adesse
1866 4813 1896 4848 eo
1916 4796 1972 4862 ipso
1989 4796 2046 4847 loco

495 4888 522 4938 in
540 4885 628 4938 codice
645 4885 813 4936 Berolineusi.

391 4993 423 5044 ad
441 5010 466 5060 p.
479 4989 530 5044 266
548 5008 573 5041 v.
587 4988 619 5040 17
638 4995 696 5057 post
712 5005 760 5040 nos
777 4988 927 5040 exciderunt
945 4987 1095 5039 verbosius
1114 4986 1194 5051 operi.

392 5097 426 5148 ad
442 5114 467 5164 p¹
480 5092 541 5147 267.
574 5097 606 5146 ln
623 5095 738 5146 auctario
755 5092 925 5159 Prosperiano
943 5091 1088 5144 Havnieusi
1106 5106 1173 5156 quae
1190 5091 1223 5142 ad
1242 5107 1351 5158 ragnum
1359 5090 1555 5156 visigothorum
1564 5091 1715 5142 Arelatense
1728 5089 1856 5156 pertinent
1867 5089 2047 5140 adnotationes

495 5200 518 5235 a.
532 5178 626 5244 476,1.
645 5197 670 5232 a.
682 5177 742 5232 486.
759 5179 819 5233 496.
838 5176 889 5230 498
907 5195 971 5230 num
989 5185 1107 5244 sumptas
1125 5177 1178 5228 sint
1195 5193 1228 5228 ex
1246 5177 1375 5229 chronicis
1387 5177 1492 5236 Italicis,
1510 5177 1538 5228 in
1551 5177 1736 5228 dubitationem
1750 5175 1854 5228 vocavit
1865 5176 2047 5227 Kaufmannus

497 5267 693 5335 (Foreahuugen
710 5284 758 5318 aur
775 5265 911 5319 mahen
930 5265 1077 5317 Gesohichts
1094 5264 1145 5316 vol.
1159 5261 1192 5314 13
1210 5281 1233 5316 a.
1248 5261 1316 5316 1873
1333 5280 1358 5331 p.
1371 5261 1424 5315 418
1435 5260 1498 5330 seq.)
1517 5271 1544 5316 at
1561 5265 1642 5330 magis
1660 5262 1768 5314 credidit
1785 5277 1828 5312 ens
1845 5261 1998 5314 descendere
2016 5279 2048 5313 ex

496 5355 634 5407 annalibus
657 5354 772 5406 Gallicis.
814 5370 906 5404 verum
928 5357 968 5404 est
989 5350 1197 5418 compilationem
1224 5349 1296 5400 illam
1323 5365 1355 5400 ex
1380 5350 1469 5401 multis
1487 5350 1588 5418 scriptis
1606 5356 1748 5402 consertam
1766 5348 1892 5400 eiusmodi
1909 5349 2049 5416 suspicioni

497 5443 594 5494 iustum
612 5443 697 5494 locum
716 5442 849 5509 praebere;
872 5440 917 5492 sed
940 5456 999 5491 cum
1016 5438 1124 5490 amalos
1142 5437 1235 5489 Gallici
1261 5437 1425 5502 quiquidem
1444 5438 1519 5489 nobis
1542 5437 1596 5489 uoti
1620 5438 1673 5488 sint
1690 5436 1784 5487 similia
1801 5435 1875 5487 nulls
1893 5437 2049 5488 habeantet

497 5537 611 5580 extremo
629 5529 731 5581 maculo
750 5529 840 5594 quinto
859 5543 904 5579 res
927 5527 955 5578 in
973 5526 1105 5592 provincia
1122 5524 1286 5576 Narbonensi
1311 5530 1337 5574 et
1361 5524 1387 5574 in
1407 5524 1481 5576 Italis
1499 5531 1587 5590 gestae
1605 5523 1694 5575 multis
1715 5522 1796 5574 modis
1814 5539 1927 5574 conane
1944 5522 2049 5586 fuerint,

420 5617 421 5622 ’
498 5616 599 5667 videtur
616 5615 832 5680 adquiescendum
850 5629 906 5666 esse
923 5615 951 5666 in
968 5613 1125 5666 derivatione
1142 5616 1251 5678 recepta.
