<?xml version="1.0" encoding="UTF-8"?>
<!DOCTYPE html PUBLIC "-//W3C//DTD XHTML 1.0 Transitional//EN"
    "http://www.w3.org/TR/xhtml1/DTD/xhtml1-transitional.dtd">
<html xmlns="http://www.w3.org/1999/xhtml" xml:lang="en" lang="en">
 <head>
  <title>
</title>
<meta http-equiv="Content-Type" content="text/html;charset=utf-8" />
  <meta name='ocr-system' content='tesseract 3.04.00' />
  <meta name='ocr-capabilities' content='ocr_page ocr_carea ocr_par ocr_line ocrx_word'/>
</head>
<body>
  <div class='ocr_page' id='page_1' title='image "./monumentagerman01mittgoog_0476.png"; bbox 0 0 4552 6308; ppageno 0'>
   <div class='ocr_carea' id='block_1_1' title="bbox 801 1155 1359 1279">
    <p class='ocr_par' dir='ltr' id='par_1_1' title="bbox 801 1155 1359 1279">
     <span class='ocr_line' id='line_1_1' title="bbox 801 1155 1359 1279; baseline 0.013 -7"><span class='ocrx_word' id='word_1_1' title='bbox 801 1155 1359 1279; x_wconf 83' lang='lat' dir='ltr'>LATERCVLVS</span> 
     </span>
    </p>
   </div>
   <div class='ocr_carea' id='block_1_2' title="bbox 404 1339 1636 1640">
    <p class='ocr_par' dir='ltr' id='par_1_2' title="bbox 404 1339 1636 1640">
     <span class='ocr_line' id='line_1_2' title="bbox 404 1339 1592 1473; baseline -0.002 -1"><span class='ocrx_word' id='word_1_2' title='bbox 404 1459 410 1472; x_wconf 90' lang='lat'>.</span> <span class='ocrx_word' id='word_1_3' title='bbox 557 1339 877 1467; x_wconf 82' lang='lat' dir='ltr'><strong>REGVM</strong></span> <span class='ocrx_word' id='word_1_4' title='bbox 914 1345 1592 1473; x_wconf 84' lang='lat' dir='ltr'>VISIGOTHORVM</span> 
     </span>
     <span class='ocr_line' id='line_1_3' title="bbox 514 1536 1636 1640; baseline 0.009 -12"><span class='ocrx_word' id='word_1_5' title='bbox 514 1536 759 1634; x_wconf 81' lang='grc'><strong>444444</strong></span> <span class='ocrx_word' id='word_1_6' title='bbox 803 1537 1120 1636; x_wconf 80' lang='lat' dir='ltr'>courum</span> <span class='ocrx_word' id='word_1_7' title='bbox 1168 1543 1636 1640; x_wconf 76' lang='grc'><strong>4444444444.</strong></span> 
     </span>
    </p>
   </div>
   <div class='ocr_carea' id='block_1_3' title="bbox 210 1772 1955 4200">
    <p class='ocr_par' dir='ltr' id='par_1_3' title="bbox 246 1772 1905 2412">
     <span class='ocr_line' id='line_1_4' title="bbox 351 1772 1904 1892; baseline 0.002 -23"><span class='ocrx_word' id='word_1_8' title='bbox 351 1772 412 1869; x_wconf 74' lang='lat' dir='ltr'>Ad</span> <span class='ocrx_word' id='word_1_9' title='bbox 443 1802 629 1888; x_wconf 86' lang='lat' dir='ltr'>exemplum</span> <span class='ocrx_word' id='word_1_10' title='bbox 662 1803 810 1868; x_wconf 78' lang='lat' dir='ltr'>laterculi</span> <span class='ocrx_word' id='word_1_11' title='bbox 842 1804 1075 1890; x_wconf 91' lang='lat' dir='ltr'>imperatorum</span> <span class='ocrx_word' id='word_1_12' title='bbox 1105 1825 1236 1888; x_wconf 90' lang='lat' dir='ltr'>eorum,</span> <span class='ocrx_word' id='word_1_13' title='bbox 1270 1827 1404 1892; x_wconf 91' lang='lat' dir='ltr'>quorum</span> <span class='ocrx_word' id='word_1_14' title='bbox 1436 1807 1679 1871; x_wconf 77' lang='lat' dir='ltr'><strong>constitutiones</strong></span> <span class='ocrx_word' id='word_1_15' title='bbox 1701 1808 1734 1871; x_wconf 93' lang='grc'>14</span> <span class='ocrx_word' id='word_1_16' title='bbox 1758 1807 1904 1872; x_wconf 80' lang='lat' dir='ltr'>codicem</span> 
     </span>
     <span class='ocr_line' id='line_1_5' title="bbox 246 1904 1902 1997; baseline 0.004 -28"><span class='ocrx_word' id='word_1_17' title='bbox 246 1904 509 1970; x_wconf 87' lang='lat' dir='ltr'>Theodosianum</span> <span class='ocrx_word' id='word_1_18' title='bbox 531 1913 684 1993; x_wconf 75' lang='lat' dir='ltr'>receptae</span> <span class='ocrx_word' id='word_1_19' title='bbox 708 1913 791 1990; x_wconf 89' lang='grc'><strong>4444,</strong></span> <span class='ocrx_word' id='word_1_20' title='bbox 815 1906 934 1973; x_wconf 91' lang='lat' dir='ltr'>adiecti</span> <span class='ocrx_word' id='word_1_21' title='bbox 957 1914 1041 1973; x_wconf 92' lang='lat' dir='ltr'>teste</span> <span class='ocrx_word' id='word_1_22' title='bbox 1065 1908 1178 1974; x_wconf 91' lang='lat' dir='ltr'>codice</span> <span class='ocrx_word' id='word_1_23' title='bbox 1195 1909 1387 1976; x_wconf 86' lang='lat' dir='ltr'>Taurinensi</span> <span class='ocrx_word' id='word_1_24' title='bbox 1403 1912 1531 1997; x_wconf 87' lang='lat' dir='ltr'>corpori</span> <span class='ocrx_word' id='word_1_25' title='bbox 1547 1912 1658 1996; x_wconf 87' lang='lat' dir='ltr'>legum</span> <span class='ocrx_word' id='word_1_26' title='bbox 1674 1909 1902 1976; x_wconf 80' lang='lat' dir='ltr'>Theodosiana</span> 
     </span>
     <span class='ocr_line' id='line_1_6' title="bbox 247 2008 1904 2101; baseline 0.002 -27"><span class='ocrx_word' id='word_1_27' title='bbox 247 2013 288 2092; x_wconf 89' lang='grc'>(4.</span> <span class='ocrx_word' id='word_1_28' title='bbox 310 2030 342 2094; x_wconf 89' lang='lat' dir='ltr'>p.</span> <span class='ocrx_word' id='word_1_29' title='bbox 361 2008 449 2094; x_wconf 78' lang='lat'>412),</span> <span class='ocrx_word' id='word_1_30' title='bbox 473 2010 610 2075; x_wconf 79' lang='lat' dir='ltr'>similem</span> <span class='ocrx_word' id='word_1_31' title='bbox 632 2010 733 2076; x_wconf 88' lang='lat' dir='ltr'>habet</span> <span class='ocrx_word' id='word_1_32' title='bbox 755 2031 871 2098; x_wconf 91' lang='lat' dir='ltr'>corpus</span> <span class='ocrx_word' id='word_1_33' title='bbox 892 2013 1013 2097; x_wconf 91' lang='lat' dir='ltr'>legum,</span> <span class='ocrx_word' id='word_1_34' title='bbox 1037 2033 1117 2101; x_wconf 93' lang='lat' dir='ltr'>quas</span> <span class='ocrx_word' id='word_1_35' title='bbox 1140 2014 1316 2079; x_wconf 89' lang='lat' dir='ltr'>emiserunt</span> <span class='ocrx_word' id='word_1_36' title='bbox 1336 2035 1434 2101; x_wconf 88' lang='lat' dir='ltr'>reges</span> <span class='ocrx_word' id='word_1_37' title='bbox 1449 2013 1637 2100; x_wconf 89' lang='lat' dir='ltr'>Wisigothi.</span> <span class='ocrx_word' id='word_1_38' title='bbox 1683 2015 1808 2100; x_wconf 91' lang='lat' dir='ltr'>primae</span> <span class='ocrx_word' id='word_1_39' title='bbox 1835 2015 1904 2079; x_wconf 93' lang='lat' dir='ltr'>eius</span> 
     </span>
     <span class='ocr_line' id='line_1_7' title="bbox 248 2113 1905 2204; baseline 0.001 -24"><span class='ocrx_word' id='word_1_40' title='bbox 248 2115 391 2200; x_wconf 91' lang='lat' dir='ltr'>corporis</span> <span class='ocrx_word' id='word_1_41' title='bbox 415 2113 548 2179; x_wconf 91' lang='lat' dir='ltr'>editioni</span> <span class='ocrx_word' id='word_1_42' title='bbox 572 2113 729 2179; x_wconf 90' lang='lat' dir='ltr'>eiusmodi</span> <span class='ocrx_word' id='word_1_43' title='bbox 757 2114 931 2180; x_wconf 90' lang='lat' dir='ltr'>laterculus</span> <span class='ocrx_word' id='word_1_44' title='bbox 961 2115 1045 2182; x_wconf 93' lang='lat' dir='ltr'>adioi</span> <span class='ocrx_word' id='word_1_45' title='bbox 1068 2137 1132 2182; x_wconf 92' lang='lat' dir='ltr'>nou</span> <span class='ocrx_word' id='word_1_46' title='bbox 1155 2119 1270 2203; x_wconf 88' lang='lat' dir='ltr'>potuit,</span> <span class='ocrx_word' id='word_1_47' title='bbox 1300 2118 1451 2204; x_wconf 89' lang='lat' dir='ltr'>quoniam</span> <span class='ocrx_word' id='word_1_48' title='bbox 1482 2137 1596 2203; x_wconf 90' lang='lat' dir='ltr'>regum</span> <span class='ocrx_word' id='word_1_49' title='bbox 1618 2118 1748 2182; x_wconf 91' lang='lat' dir='ltr'>nomina</span> <span class='ocrx_word' id='word_1_50' title='bbox 1771 2117 1905 2203; x_wconf 92' lang='lat' dir='ltr'>singulis</span> 
     </span>
     <span class='ocr_line' id='line_1_8' title="bbox 247 2218 1904 2309; baseline 0.002 -26"><span class='ocrx_word' id='word_1_51' title='bbox 247 2218 374 2304; x_wconf 89' lang='lat' dir='ltr'>legibus</span> <span class='ocrx_word' id='word_1_52' title='bbox 396 2221 429 2284; x_wconf 93' lang='lat' dir='ltr'>in</span> <span class='ocrx_word' id='word_1_53' title='bbox 452 2239 586 2304; x_wconf 88' lang='lat' dir='ltr'>corpore</span> <span class='ocrx_word' id='word_1_54' title='bbox 611 2238 650 2282; x_wconf 91' lang='lat' dir='ltr'>eo</span> <span class='ocrx_word' id='word_1_55' title='bbox 682 2239 745 2283; x_wconf 90' lang='lat' dir='ltr'>non</span> <span class='ocrx_word' id='word_1_56' title='bbox 773 2219 1036 2304; x_wconf 88' lang='lat' dir='ltr'>praescribuntur</span> <span class='ocrx_word' id='word_1_57' title='bbox 1058 2220 1118 2284; x_wconf 90' lang='lat' dir='ltr'>nisi</span> <span class='ocrx_word' id='word_1_58' title='bbox 1140 2219 1216 2284; x_wconf 88' lang='lat' dir='ltr'>inde</span> <span class='ocrx_word' id='word_1_59' title='bbox 1239 2241 1259 2285; x_wconf 95' lang='lat' dir='ltr'>a</span> <span class='ocrx_word' id='word_1_60' title='bbox 1283 2220 1534 2286; x_wconf 81' lang='lat' dir='ltr'>Chindasuindo.</span> <span class='ocrx_word' id='word_1_61' title='bbox 1587 2221 1762 2287; x_wconf 78' lang='lat' dir='ltr'>admodum</span> <span class='ocrx_word' id='word_1_62' title='bbox 1784 2222 1904 2309; x_wconf 93' lang='lat' dir='ltr'>proba·</span> 
     </span>
     <span class='ocr_line' id='line_1_9' title="bbox 247 2320 1905 2412; baseline 0.001 -26"><span class='ocrx_word' id='word_1_63' title='bbox 247 2322 311 2387; x_wconf 92' lang='lat' dir='ltr'>bile</span> <span class='ocrx_word' id='word_1_64' title='bbox 335 2330 384 2386; x_wconf 91' lang='lat' dir='ltr'>est</span> <span class='ocrx_word' id='word_1_65' title='bbox 406 2322 598 2387; x_wconf 87' lang='lat' dir='ltr'>laterculum</span> <span class='ocrx_word' id='word_1_66' title='bbox 621 2320 706 2386; x_wconf 89' lang='lat' dir='ltr'>hunc</span> <span class='ocrx_word' id='word_1_67' title='bbox 728 2323 890 2407; x_wconf 84' lang='lat' dir='ltr'>primitiva</span> <span class='ocrx_word' id='word_1_68' title='bbox 919 2321 1022 2387; x_wconf 84' lang='lat' dir='ltr'>forma</span> <span class='ocrx_word' id='word_1_69' title='bbox 1051 2344 1110 2387; x_wconf 89' lang='lat' dir='ltr'>sua</span> <span class='ocrx_word' id='word_1_70' title='bbox 1139 2325 1326 2409; x_wconf 89' lang='lat' dir='ltr'>pervenisse</span> <span class='ocrx_word' id='word_1_71' title='bbox 1357 2323 1399 2389; x_wconf 91' lang='lat' dir='ltr'>ad</span> <span class='ocrx_word' id='word_1_72' title='bbox 1429 2323 1670 2390; x_wconf 88' lang='lat' dir='ltr'>Recesuindum</span> <span class='ocrx_word' id='word_1_73' title='bbox 1695 2322 1905 2412; x_wconf 48' lang='grc'><strong>(1611414</strong></span> 
     </span>
    </p>

    <p class='ocr_par' dir='ltr' id='par_1_4' title="bbox 210 2415 1906 2826">
     <span class='ocr_line' id='line_1_10' title="bbox 210 2415 1904 2514; baseline 0.001 -24"><span class='ocrx_word' id='word_1_74' title='bbox 210 2415 211 2418; x_wconf 31' lang='grc'><strong>“</strong></span> <span class='ocrx_word' id='word_1_75' title='bbox 248 2447 311 2513; x_wconf 91' lang='lat' dir='ltr'>quo</span> <span class='ocrx_word' id='word_1_76' title='bbox 335 2427 404 2491; x_wconf 88' lang='lat' dir='ltr'>finit</span> <span class='ocrx_word' id='word_1_77' title='bbox 426 2425 532 2492; x_wconf 84' lang='lat' dir='ltr'>codex</span> <span class='ocrx_word' id='word_1_78' title='bbox 554 2424 749 2490; x_wconf 80' lang='lat' dir='ltr'>Harniensis</span> <span class='ocrx_word' id='word_1_79' title='bbox 771 2424 971 2511; x_wconf 83' lang='lat' dir='ltr'>formamque</span> <span class='ocrx_word' id='word_1_80' title='bbox 995 2431 1099 2491; x_wconf 91' lang='lat' dir='ltr'>mutat</span> <span class='ocrx_word' id='word_1_81' title='bbox 1121 2427 1284 2492; x_wconf 82' lang='lat' dir='ltr'>Parisinus</span> <span class='ocrx_word' id='word_1_82' title='bbox 1299 2431 1393 2494; x_wconf 83' lang='grc'><strong>4661.</strong></span> <span class='ocrx_word' id='word_1_83' title='bbox 1440 2427 1575 2512; x_wconf 81' lang='lat' dir='ltr'>accedit,</span> <span class='ocrx_word' id='word_1_84' title='bbox 1600 2428 1689 2514; x_wconf 89' lang='lat' dir='ltr'>quod</span> <span class='ocrx_word' id='word_1_85' title='bbox 1710 2429 1812 2513; x_wconf 87' lang='lat' dir='ltr'>ipsius</span> <span class='ocrx_word' id='word_1_86' title='bbox 1835 2449 1904 2494; x_wconf 91' lang='lat' dir='ltr'>cor-</span> 
     </span>
     <span class='ocr_line' id='line_1_11' title="bbox 247 2529 1906 2618; baseline 0 -22"><span class='ocrx_word' id='word_1_87' title='bbox 247 2533 334 2618; x_wconf 93' lang='lat' dir='ltr'>poris</span> <span class='ocrx_word' id='word_1_88' title='bbox 365 2531 502 2595; x_wconf 88' lang='lat' dir='ltr'>formam</span> <span class='ocrx_word' id='word_1_89' title='bbox 533 2529 758 2610; x_wconf 84' lang='lat' dir='ltr'>vetustiorem,</span> <span class='ocrx_word' id='word_1_90' title='bbox 788 2551 885 2615; x_wconf 90' lang='lat' dir='ltr'>quam</span> <span class='ocrx_word' id='word_1_91' title='bbox 914 2537 1140 2616; x_wconf 88' lang='lat' dir='ltr'>repraesentat</span> <span class='ocrx_word' id='word_1_92' title='bbox 1168 2529 1266 2596; x_wconf 91' lang='lat' dir='ltr'>editio</span> <span class='ocrx_word' id='word_1_93' title='bbox 1290 2552 1394 2618; x_wconf 92' lang='lat' dir='ltr'>nuper</span> <span class='ocrx_word' id='word_1_94' title='bbox 1425 2539 1535 2598; x_wconf 86' lang='lat' dir='ltr'>curato</span> <span class='ocrx_word' id='word_1_95' title='bbox 1559 2553 1579 2596; x_wconf 96' lang='lat' dir='ltr'>a</span> <span class='ocrx_word' id='word_1_96' title='bbox 1602 2533 1777 2615; x_wconf 91' lang='lat' dir='ltr'>Zeumero‚</span> <span class='ocrx_word' id='word_1_97' title='bbox 1802 2532 1906 2598; x_wconf 92' lang='lat' dir='ltr'>editor</span> 
     </span>
     <span class='ocr_line' id='line_1_12' title="bbox 246 2631 1904 2722; baseline -0.001 -22"><span class='ocrx_word' id='word_1_98' title='bbox 246 2635 457 2722; x_wconf 90' lang='lat' dir='ltr'>probabiliter</span> <span class='ocrx_word' id='word_1_99' title='bbox 479 2634 602 2698; x_wconf 88' lang='lat' dir='ltr'>rettulit</span> <span class='ocrx_word' id='word_1_100' title='bbox 625 2631 668 2697; x_wconf 88' lang='lat' dir='ltr'>ad</span> <span class='ocrx_word' id='word_1_101' title='bbox 691 2632 829 2696; x_wconf 89' lang='lat' dir='ltr'>eundem</span> <span class='ocrx_word' id='word_1_102' title='bbox 853 2653 977 2718; x_wconf 89' lang='lat' dir='ltr'>regem,</span> <span class='ocrx_word' id='word_1_103' title='bbox 1001 2635 1033 2698; x_wconf 93' lang='grc'>14</span> <span class='ocrx_word' id='word_1_104' title='bbox 1056 2655 1119 2720; x_wconf 92' lang='lat' dir='ltr'>quo</span> <span class='ocrx_word' id='word_1_105' title='bbox 1144 2634 1294 2700; x_wconf 87' lang='lat' dir='ltr'>desinunt</span> <span class='ocrx_word' id='word_1_106' title='bbox 1316 2635 1408 2721; x_wconf 91' lang='lat' dir='ltr'>leges</span> <span class='ocrx_word' id='word_1_107' title='bbox 1431 2637 1464 2700; x_wconf 91' lang='lat' dir='ltr'>in</span> <span class='ocrx_word' id='word_1_108' title='bbox 1488 2657 1561 2700; x_wconf 91' lang='lat' dir='ltr'>eam</span> <span class='ocrx_word' id='word_1_109' title='bbox 1586 2636 1725 2701; x_wconf 86' lang='lat' dir='ltr'>formam</span> <span class='ocrx_word' id='word_1_110' title='bbox 1741 2642 1904 2722; x_wconf 90' lang='lat' dir='ltr'>receptae.</span> 
     </span>
     <span class='ocr_line' id='line_1_13' title="bbox 247 2737 1906 2826; baseline -0.002 -21"><span class='ocrx_word' id='word_1_111' title='bbox 247 2761 290 2805; x_wconf 87' lang='lat' dir='ltr'>ex</span> <span class='ocrx_word' id='word_1_112' title='bbox 311 2740 443 2825; x_wconf 89' lang='lat' dir='ltr'>rehquis</span> <span class='ocrx_word' id='word_1_113' title='bbox 465 2738 612 2804; x_wconf 91' lang='lat' dir='ltr'>laterculi</span> <span class='ocrx_word' id='word_1_114' title='bbox 640 2737 880 2823; x_wconf 83' lang='lat' dir='ltr'>exemplaribus</span> <span class='ocrx_word' id='word_1_115' title='bbox 913 2738 1168 2824; x_wconf 89' lang='lat' dir='ltr'>antiquissimum</span> <span class='ocrx_word' id='word_1_116' title='bbox 1200 2738 1318 2804; x_wconf 91' lang='lat' dir='ltr'>codicis</span> <span class='ocrx_word' id='word_1_117' title='bbox 1335 2739 1484 2804; x_wconf 85' lang='lat' dir='ltr'>Vaticani</span> <span class='ocrx_word' id='word_1_118' title='bbox 1513 2759 1575 2826; x_wconf 94' lang='lat' dir='ltr'>quo</span> <span class='ocrx_word' id='word_1_119' title='bbox 1608 2741 1811 2826; x_wconf 80' lang='lat' dir='ltr'>pervenerit,</span> <span class='ocrx_word' id='word_1_120' title='bbox 1842 2760 1906 2803; x_wconf 90' lang='lat' dir='ltr'>non</span> 
     </span>
    </p>

    <p class='ocr_par' dir='ltr' id='par_1_5' title="bbox 247 2841 1904 2928">
     <span class='ocr_line' id='line_1_14' title="bbox 247 2841 1904 2928; baseline -0.001 -20"><span class='ocrx_word' id='word_1_121' title='bbox 247 2849 389 2918; x_wconf 86' lang='grc'><strong>4444444;</strong></span> <span class='ocrx_word' id='word_1_122' title='bbox 412 2842 538 2928; x_wconf 91' lang='lat' dir='ltr'>reliqua</span> <span class='ocrx_word' id='word_1_123' title='bbox 560 2841 616 2906; x_wconf 94' lang='lat' dir='ltr'>ubi</span> <span class='ocrx_word' id='word_1_124' title='bbox 639 2842 752 2906; x_wconf 90' lang='grc'><strong>1141444</strong></span> <span class='ocrx_word' id='word_1_125' title='bbox 774 2843 827 2906; x_wconf 90' lang='grc'>441</span> <span class='ocrx_word' id='word_1_126' title='bbox 849 2841 987 2906; x_wconf 88' lang='lat' dir='ltr'>formam</span> <span class='ocrx_word' id='word_1_127' title='bbox 1010 2847 1145 2921; x_wconf 88' lang='lat' dir='ltr'>mutent,</span> <span class='ocrx_word' id='word_1_128' title='bbox 1170 2841 1268 2907; x_wconf 90' lang='lat' dir='ltr'>editio</span> <span class='ocrx_word' id='word_1_129' title='bbox 1291 2850 1458 2908; x_wconf 82' lang='lat' dir='ltr'>monstrat.</span> <span class='ocrx_word' id='word_1_130' title='bbox 1514 2843 1674 2908; x_wconf 86' lang='lat' dir='ltr'>Soriensis</span> <span class='ocrx_word' id='word_1_131' title='bbox 1698 2845 1782 2909; x_wconf 90' lang='lat' dir='ltr'>liber</span> <span class='ocrx_word' id='word_1_132' title='bbox 1804 2845 1904 2908; x_wconf 88' lang='lat' dir='ltr'>later-</span> 
     </span>
    </p>

    <p class='ocr_par' dir='ltr' id='par_1_6' title="bbox 247 2943 1906 3031">
     <span class='ocr_line' id='line_1_15' title="bbox 247 2943 1906 3031; baseline -0.001 -19"><span class='ocrx_word' id='word_1_133' title='bbox 247 2948 353 3012; x_wconf 91' lang='lat' dir='ltr'>culum</span> <span class='ocrx_word' id='word_1_134' title='bbox 378 2946 575 3012; x_wconf 81' lang='lat' dir='ltr'>continuarit</span> <span class='ocrx_word' id='word_1_135' title='bbox 598 2943 640 3009; x_wconf 86' lang='lat' dir='ltr'>ad</span> <span class='ocrx_word' id='word_1_136' title='bbox 664 2946 899 3030; x_wconf 90' lang='lat' dir='ltr'>paenultimum</span> <span class='ocrx_word' id='word_1_137' title='bbox 923 2965 1035 3031; x_wconf 92' lang='lat' dir='ltr'>regem</span> <span class='ocrx_word' id='word_1_138' title='bbox 1059 2945 1238 3011; x_wconf 84' lang='lat' dir='ltr'>Gothorum</span> <span class='ocrx_word' id='word_1_139' title='bbox 1262 2955 1338 3011; x_wconf 88' lang='lat' dir='ltr'>ante</span> <span class='ocrx_word' id='word_1_140' title='bbox 1361 2947 1507 3012; x_wconf 85' lang='lat' dir='ltr'>Arabum</span> <span class='ocrx_word' id='word_1_141' title='bbox 1535 2948 1735 3012; x_wconf 90' lang='lat' dir='ltr'>invasionem</span> <span class='ocrx_word' id='word_1_142' title='bbox 1751 2946 1906 3012; x_wconf 87' lang='lat' dir='ltr'>Witizam</span> 
     </span>
    </p>

    <p class='ocr_par' dir='ltr' id='par_1_7' title="bbox 246 3046 1906 3136">
     <span class='ocr_line' id='line_1_16' title="bbox 246 3046 1906 3136; baseline -0.002 -20"><span class='ocrx_word' id='word_1_143' title='bbox 246 3052 397 3133; x_wconf 69' lang='grc'><strong>14716),</strong></span> <span class='ocrx_word' id='word_1_144' title='bbox 432 3049 597 3114; x_wconf 88' lang='lat' dir='ltr'>Parisinus</span> <span class='ocrx_word' id='word_1_145' title='bbox 620 3050 703 3111; x_wconf 82' lang='grc'><strong>4667</strong></span> <span class='ocrx_word' id='word_1_146' title='bbox 739 3046 830 3111; x_wconf 91' lang='lat' dir='ltr'>addit</span> <span class='ocrx_word' id='word_1_147' title='bbox 861 3067 957 3133; x_wconf 90' lang='lat' dir='ltr'>reges</span> <span class='ocrx_word' id='word_1_148' title='bbox 996 3068 1037 3112; x_wconf 89' lang='lat' dir='ltr'>ea</span> <span class='ocrx_word' id='word_1_149' title='bbox 1071 3049 1236 3113; x_wconf 84' lang='lat' dir='ltr'>invasione</span> <span class='ocrx_word' id='word_1_150' title='bbox 1274 3048 1427 3136; x_wconf 83' lang='lat' dir='ltr'>videlicet</span> <span class='ocrx_word' id='word_1_151' title='bbox 1459 3051 1655 3135; x_wconf 86' lang='lat' dir='ltr'>posteriores</span> <span class='ocrx_word' id='word_1_152' title='bbox 1688 3049 1837 3114; x_wconf 80' lang='lat' dir='ltr'>Achilsm</span> <span class='ocrx_word' id='word_1_153' title='bbox 1873 3058 1906 3114; x_wconf 88' lang='grc'>44</span> 
     </span>
    </p>

    <p class='ocr_par' dir='ltr' id='par_1_8' title="bbox 245 3151 1907 3238">
     <span class='ocr_line' id='line_1_17' title="bbox 245 3151 1907 3238; baseline -0.001 -18"><span class='ocrx_word' id='word_1_154' title='bbox 245 3155 423 3220; x_wconf 86' lang='lat' dir='ltr'>Ardonem.</span> <span class='ocrx_word' id='word_1_155' title='bbox 451 3189 488 3200; x_wconf 94' lang='lat'>-</span> <span class='ocrx_word' id='word_1_156' title='bbox 512 3151 722 3216; x_wconf 88' lang='lat' dir='ltr'>Laterculum</span> <span class='ocrx_word' id='word_1_157' title='bbox 760 3172 836 3215; x_wconf 93' lang='lat' dir='ltr'>eum</span> <span class='ocrx_word' id='word_1_158' title='bbox 865 3151 906 3215; x_wconf 91' lang='lat' dir='ltr'>ab</span> <span class='ocrx_word' id='word_1_159' title='bbox 942 3153 1081 3238; x_wconf 91' lang='lat' dir='ltr'>antiquis</span> <span class='ocrx_word' id='word_1_160' title='bbox 1116 3173 1224 3217; x_wconf 90' lang='lat' dir='ltr'>errore</span> <span class='ocrx_word' id='word_1_161' title='bbox 1260 3153 1406 3238; x_wconf 88' lang='lat' dir='ltr'>adlegari</span> <span class='ocrx_word' id='word_1_162' title='bbox 1435 3154 1494 3217; x_wconf 90' lang='lat' dir='ltr'>sub</span> <span class='ocrx_word' id='word_1_163' title='bbox 1525 3156 1654 3219; x_wconf 87' lang='lat' dir='ltr'>nomine</span> <span class='ocrx_word' id='word_1_164' title='bbox 1672 3153 1794 3218; x_wconf 89' lang='lat' dir='ltr'>Vulsao</span> <span class='ocrx_word' id='word_1_165' title='bbox 1824 3155 1907 3218; x_wconf 86' lang='grc'><strong>14144</strong></span> 
     </span>
    </p>

    <p class='ocr_par' dir='ltr' id='par_1_9' title="bbox 244 3254 1040 3341">
     <span class='ocr_line' id='line_1_18' title="bbox 244 3254 1040 3341; baseline -0.006 -17"><span class='ocrx_word' id='word_1_166' title='bbox 244 3259 466 3340; x_wconf 90' lang='lat' dir='ltr'>indicavimus,</span> <span class='ocrx_word' id='word_1_167' title='bbox 492 3256 547 3321; x_wconf 93' lang='lat' dir='ltr'>ubi</span> <span class='ocrx_word' id='word_1_168' title='bbox 571 3256 687 3341; x_wconf 86' lang='lat' dir='ltr'>egitur</span> <span class='ocrx_word' id='word_1_169' title='bbox 701 3254 741 3320; x_wconf 94' lang='lat' dir='ltr'>de</span> <span class='ocrx_word' id='word_1_170' title='bbox 765 3255 848 3319; x_wconf 93' lang='lat' dir='ltr'>libro</span> <span class='ocrx_word' id='word_1_171' title='bbox 874 3255 1040 3320; x_wconf 89' lang='lat' dir='ltr'>Oveteusi.</span> 
     </span>
    </p>

    <p class='ocr_par' dir='ltr' id='par_1_10' title="bbox 346 3359 763 3449">
     <span class='ocr_line' id='line_1_19' title="bbox 346 3359 763 3449; baseline -0.012 -21"><span class='ocrx_word' id='word_1_172' title='bbox 346 3363 451 3449; x_wconf 52' lang='lat' dir='ltr'>Libri</span> <span class='ocrx_word' id='word_1_173' title='bbox 460 3359 597 3425; x_wconf 89' lang='lat' dir='ltr'>adhibiti</span> <span class='ocrx_word' id='word_1_174' title='bbox 620 3367 694 3424; x_wconf 91' lang='lat' dir='ltr'>sunt</span> <span class='ocrx_word' id='word_1_175' title='bbox 719 3359 763 3424; x_wconf 90' lang='lat' dir='ltr'>hi.</span> 
     </span>
    </p>

    <p class='ocr_par' dir='ltr' id='par_1_11' title="bbox 247 3463 1955 4200">
     <span class='ocr_line' id='line_1_20' title="bbox 247 3463 1955 3551; baseline -0.001 -17"><span class='ocrx_word' id='word_1_176' title='bbox 247 3477 272 3534; x_wconf 86' lang='lat'>1.</span> <span class='ocrx_word' id='word_1_177' title='bbox 296 3469 473 3534; x_wconf 84' lang='lat' dir='ltr'>Vaticanus</span> <span class='ocrx_word' id='word_1_178' title='bbox 492 3465 626 3550; x_wconf 90' lang='lat' dir='ltr'>reginae</span> <span class='ocrx_word' id='word_1_179' title='bbox 648 3484 679 3527; x_wconf 92' lang='grc'>4.</span> <span class='ocrx_word' id='word_1_180' title='bbox 699 3467 779 3528; x_wconf 79' lang='grc'><strong>1024</strong></span> <span class='ocrx_word' id='word_1_181' title='bbox 804 3466 941 3550; x_wconf 88' lang='lat' dir='ltr'>scriptus</span> <span class='ocrx_word' id='word_1_182' title='bbox 965 3485 1049 3530; x_wconf 88' lang='grc'><strong>4444.</strong></span> <span class='ocrx_word' id='word_1_183' title='bbox 1067 3463 1150 3529; x_wconf 89' lang='lat' dir='ltr'>VIII</span> <span class='ocrx_word' id='word_1_184' title='bbox 1172 3465 1288 3530; x_wconf 90' lang='lat' dir='ltr'>litteris</span> <span class='ocrx_word' id='word_1_185' title='bbox 1311 3466 1499 3530; x_wconf 90' lang='lat' dir='ltr'>uncialibus.</span> <span class='ocrx_word' id='word_1_186' title='bbox 1545 3472 1621 3550; x_wconf 90' lang='lat' dir='ltr'>post</span> <span class='ocrx_word' id='word_1_187' title='bbox 1644 3486 1759 3551; x_wconf 88' lang='lat' dir='ltr'>eorpus</span> <span class='ocrx_word' id='word_1_188' title='bbox 1782 3466 1903 3550; x_wconf 85' lang='lat' dir='ltr'>legum,</span> <span class='ocrx_word' id='word_1_189' title='bbox 1934 3484 1955 3533; x_wconf 80' lang='grc' dir='ltr'><strong><em>Α</em></strong></span> 
     </span>
     <span class='ocr_line' id='line_1_21' title="bbox 351 3569 1906 3658; baseline -0.001 -22"><span class='ocrx_word' id='word_1_190' title='bbox 351 3570 437 3658; x_wconf 93' lang='lat' dir='ltr'>quod</span> <span class='ocrx_word' id='word_1_191' title='bbox 472 3569 542 3634; x_wconf 89' lang='lat' dir='ltr'>linit</span> <span class='ocrx_word' id='word_1_192' title='bbox 574 3569 596 3632; x_wconf 92' lang='grc'>1.</span> <span class='ocrx_word' id='word_1_193' title='bbox 619 3571 701 3650; x_wconf 74' lang='lat'><strong>138¹,</strong></span> <span class='ocrx_word' id='word_1_194' title='bbox 736 3569 881 3654; x_wconf 90' lang='lat' dir='ltr'>sequitur</span> <span class='ocrx_word' id='word_1_195' title='bbox 911 3569 932 3633; x_wconf 94' lang='grc'>1.</span> <span class='ocrx_word' id='word_1_196' title='bbox 959 3572 1033 3634; x_wconf 76' lang='grc' dir='ltr'>138ν</span> <span class='ocrx_word' id='word_1_197' title='bbox 1064 3591 1164 3634; x_wconf 88' lang='lat' dir='ltr'>sermo</span> <span class='ocrx_word' id='word_1_198' title='bbox 1200 3570 1305 3633; x_wconf 79' lang='lat' dir='ltr'>sancti</span> <span class='ocrx_word' id='word_1_199' title='bbox 1336 3569 1514 3651; x_wconf 65' lang='lat' dir='ltr'>Augustini</span> <span class='ocrx_word' id='word_1_200' title='bbox 1547 3569 1584 3632; x_wconf 86' lang='lat' dir='ltr'>de</span> <span class='ocrx_word' id='word_1_201' title='bbox 1613 3590 1690 3634; x_wconf 81' lang='lat' dir='ltr'>oeno</span> <span class='ocrx_word' id='word_1_202' title='bbox 1718 3570 1839 3634; x_wconf 80' lang='lat' dir='ltr'>domini</span> <span class='ocrx_word' id='word_1_203' title='bbox 1870 3571 1906 3634; x_wconf 78' lang='lat' dir='ltr'>ln</span> 
     </span>
     <span class='ocr_line' id='line_1_22' title="bbox 351 3671 1903 3760; baseline -0.001 -22"><span class='ocrx_word' id='word_1_204' title='bbox 351 3674 457 3739; x_wconf 78' lang='lat' dir='ltr'>Pasce</span> <span class='ocrx_word' id='word_1_205' title='bbox 480 3674 616 3760; x_wconf 92' lang='lat' dir='ltr'>scriptus</span> <span class='ocrx_word' id='word_1_206' title='bbox 639 3691 738 3736; x_wconf 83' lang='lat' dir='ltr'>manu</span> <span class='ocrx_word' id='word_1_207' title='bbox 761 3673 903 3757; x_wconf 91' lang='lat' dir='ltr'>aequali,</span> <span class='ocrx_word' id='word_1_208' title='bbox 926 3671 985 3737; x_wconf 91' lang='lat' dir='ltr'>sed</span> <span class='ocrx_word' id='word_1_209' title='bbox 1002 3672 1130 3738; x_wconf 89' lang='lat' dir='ltr'>diversa</span> <span class='ocrx_word' id='word_1_210' title='bbox 1145 3673 1260 3738; x_wconf 91' lang='lat' dir='ltr'>litteris</span> <span class='ocrx_word' id='word_1_211' title='bbox 1277 3673 1426 3753; x_wconf 82' lang='lat' dir='ltr'>cursivis,</span> <span class='ocrx_word' id='word_1_212' title='bbox 1450 3671 1568 3736; x_wconf 88' lang='lat' dir='ltr'>deinde</span> <span class='ocrx_word' id='word_1_213' title='bbox 1592 3673 1766 3739; x_wconf 88' lang='lat' dir='ltr'>laterculus</span> <span class='ocrx_word' id='word_1_214' title='bbox 1789 3693 1903 3758; x_wconf 88' lang='lat' dir='ltr'>regum</span> 
     </span>
     <span class='ocr_line' id='line_1_23' title="bbox 350 3775 1904 3863; baseline -0.001 -21"><span class='ocrx_word' id='word_1_215' title='bbox 350 3778 486 3863; x_wconf 90' lang='lat' dir='ltr'>scriptus</span> <span class='ocrx_word' id='word_1_216' title='bbox 509 3779 589 3842; x_wconf 86' lang='lat' dir='ltr'>item</span> <span class='ocrx_word' id='word_1_217' title='bbox 611 3797 632 3841; x_wconf 88' lang='lat' dir='ltr'>a</span> <span class='ocrx_word' id='word_1_218' title='bbox 654 3795 751 3839; x_wconf 85' lang='lat' dir='ltr'>manu</span> <span class='ocrx_word' id='word_1_219' title='bbox 773 3796 838 3841; x_wconf 92' lang='lat' dir='ltr'>nou</span> <span class='ocrx_word' id='word_1_220' title='bbox 861 3796 918 3852; x_wconf 90' lang='grc'>44,</span> <span class='ocrx_word' id='word_1_221' title='bbox 947 3797 1030 3863; x_wconf 93' lang='lat' dir='ltr'>quae</span> <span class='ocrx_word' id='word_1_222' title='bbox 1060 3779 1152 3863; x_wconf 88' lang='lat' dir='ltr'>leges</span> <span class='ocrx_word' id='word_1_223' title='bbox 1183 3777 1344 3858; x_wconf 83' lang='lat' dir='ltr'>exaravit,</span> <span class='ocrx_word' id='word_1_224' title='bbox 1374 3784 1410 3841; x_wconf 91' lang='grc'>44</span> <span class='ocrx_word' id='word_1_225' title='bbox 1433 3777 1479 3840; x_wconf 89' lang='grc'>414</span> <span class='ocrx_word' id='word_1_226' title='bbox 1500 3776 1660 3857; x_wconf 88' lang='lat' dir='ltr'>Zeumer,</span> <span class='ocrx_word' id='word_1_227' title='bbox 1684 3775 1743 3840; x_wconf 89' lang='lat' dir='ltr'>sed</span> <span class='ocrx_word' id='word_1_228' title='bbox 1766 3776 1904 3852; x_wconf 82' lang='lat' dir='ltr'>diversa,</span> 
     </span>
     <span class='ocr_line' id='line_1_24' title="bbox 351 3879 1904 3968; baseline -0.001 -22"><span class='ocrx_word' id='word_1_229' title='bbox 351 3888 386 3946; x_wconf 90' lang='lat' dir='ltr'>ut</span> <span class='ocrx_word' id='word_1_230' title='bbox 420 3888 533 3946; x_wconf 89' lang='lat' dir='ltr'>auctor</span> <span class='ocrx_word' id='word_1_231' title='bbox 565 3879 643 3944; x_wconf 92' lang='lat' dir='ltr'>mihi</span> <span class='ocrx_word' id='word_1_232' title='bbox 677 3885 727 3944; x_wconf 90' lang='grc'>444</span> <span class='ocrx_word' id='word_1_233' title='bbox 761 3879 898 3946; x_wconf 84' lang='lat' dir='ltr'>Manius.</span> <span class='ocrx_word' id='word_1_234' title='bbox 953 3880 1143 3968; x_wconf 82' lang='lat' dir='ltr'>bibliopega</span> <span class='ocrx_word' id='word_1_235' title='bbox 1174 3880 1251 3946; x_wconf 91' lang='lat' dir='ltr'>inde</span> <span class='ocrx_word' id='word_1_236' title='bbox 1281 3901 1301 3944; x_wconf 99' lang='lat' dir='ltr'>a</span> <span class='ocrx_word' id='word_1_237' title='bbox 1334 3879 1413 3944; x_wconf 82' lang='grc'>174</span> <span class='ocrx_word' id='word_1_238' title='bbox 1443 3881 1607 3966; x_wconf 88' lang='lat' dir='ltr'>margines</span> <span class='ocrx_word' id='word_1_239' title='bbox 1641 3882 1781 3946; x_wconf 89' lang='lat' dir='ltr'>resecuit</span> <span class='ocrx_word' id='word_1_240' title='bbox 1814 3887 1904 3968; x_wconf 92' lang='lat' dir='ltr'>post-</span> 
     </span>
     <span class='ocr_line' id='line_1_25' title="bbox 349 3983 1906 4072; baseline -0.003 -21"><span class='ocrx_word' id='word_1_241' title='bbox 349 4006 446 4072; x_wconf 91' lang='lat' dir='ltr'>quam</span> <span class='ocrx_word' id='word_1_242' title='bbox 475 3985 568 4069; x_wconf 85' lang='lat' dir='ltr'>leges</span> <span class='ocrx_word' id='word_1_243' title='bbox 596 3983 736 4068; x_wconf 91' lang='lat' dir='ltr'>scriptae</span> <span class='ocrx_word' id='word_1_244' title='bbox 765 3991 853 4066; x_wconf 90' lang='grc'><strong>4444,</strong></span> <span class='ocrx_word' id='word_1_245' title='bbox 876 3989 952 4048; x_wconf 89' lang='grc'><strong>4444</strong></span> <span class='ocrx_word' id='word_1_246' title='bbox 983 4005 1080 4070; x_wconf 91' lang='lat' dir='ltr'>quam</span> <span class='ocrx_word' id='word_1_247' title='bbox 1110 3985 1246 4071; x_wconf 87' lang='lat' dir='ltr'>scriptus</span> <span class='ocrx_word' id='word_1_248' title='bbox 1281 3991 1331 4048; x_wconf 90' lang='grc'>444</span> <span class='ocrx_word' id='word_1_249' title='bbox 1360 3983 1545 4049; x_wconf 83' lang='lat' dir='ltr'>laterculus.</span> <span class='ocrx_word' id='word_1_250' title='bbox 1601 3985 1706 4048; x_wconf 91' lang='lat' dir='ltr'>ternio</span> <span class='ocrx_word' id='word_1_251' title='bbox 1740 3991 1906 4048; x_wconf 82' lang='lat' dir='ltr'>extremus</span> 
     </span>
     <span class='ocr_line' id='line_1_26' title="bbox 351 4087 1904 4200; baseline -0.001 -47"><span class='ocrx_word' id='word_1_252' title='bbox 351 4090 387 4176; x_wconf 90' lang='grc'>(1.</span> <span class='ocrx_word' id='word_1_253' title='bbox 416 4092 483 4154; x_wconf 86' lang='grc'><strong>133.</strong></span> <span class='ocrx_word' id='word_1_254' title='bbox 512 4092 581 4154; x_wconf 87' lang='grc'><strong>134.</strong></span> <span class='ocrx_word' id='word_1_255' title='bbox 609 4090 776 4200; x_wconf 47' lang='grc' dir='ltr'><strong>13Ξ166.</strong></span> <span class='ocrx_word' id='word_1_256' title='bbox 806 4090 873 4152; x_wconf 82' lang='grc'><strong>137.</strong></span> <span class='ocrx_word' id='word_1_257' title='bbox 902 4087 975 4172; x_wconf 86' lang='grc'><strong>138)</strong></span> <span class='ocrx_word' id='word_1_258' title='bbox 992 4089 1121 4175; x_wconf 80' lang='lat' dir='ltr'>integer</span> <span class='ocrx_word' id='word_1_259' title='bbox 1137 4095 1187 4153; x_wconf 90' lang='lat' dir='ltr'>est</span> <span class='ocrx_word' id='word_1_260' title='bbox 1201 4107 1308 4173; x_wconf 89' lang='lat' dir='ltr'>neque</span> <span class='ocrx_word' id='word_1_261' title='bbox 1325 4087 1497 4172; x_wconf 90' lang='lat' dir='ltr'>quicquam</span> <span class='ocrx_word' id='word_1_262' title='bbox 1515 4088 1612 4173; x_wconf 90' lang='lat' dir='ltr'>periit</span> <span class='ocrx_word' id='word_1_263' title='bbox 1627 4090 1660 4152; x_wconf 91' lang='lat' dir='ltr'>in</span> <span class='ocrx_word' id='word_1_264' title='bbox 1675 4089 1738 4153; x_wconf 89' lang='lat' dir='ltr'>fine</span> <span class='ocrx_word' id='word_1_265' title='bbox 1755 4087 1823 4152; x_wconf 83' lang='lat' dir='ltr'>folii</span> <span class='ocrx_word' id='word_1_266' title='bbox 1846 4091 1904 4151; x_wconf 82' lang='lat'>138</span> 
     </span>
    </p>
   </div>
   <div class='ocr_carea' id='block_1_4' title="bbox 224 4275 1956 5615">
    <p class='ocr_par' dir='ltr' id='par_1_12' title="bbox 348 4275 1905 4779">
     <span class='ocr_line' id='line_1_27' title="bbox 350 4275 1905 4367; baseline -0.004 -21"><span class='ocrx_word' id='word_1_267' title='bbox 350 4288 423 4367; x_wconf 90' lang='lat' dir='ltr'>post</span> <span class='ocrx_word' id='word_1_268' title='bbox 439 4282 595 4367; x_wconf 85' lang='lat' dir='ltr'>Tulgam;</span> <span class='ocrx_word' id='word_1_269' title='bbox 619 4279 678 4345; x_wconf 92' lang='lat' dir='ltr'>sed</span> <span class='ocrx_word' id='word_1_270' title='bbox 699 4286 810 4366; x_wconf 91' lang='lat' dir='ltr'>potest</span> <span class='ocrx_word' id='word_1_271' title='bbox 827 4280 1003 4344; x_wconf 89' lang='lat' dir='ltr'>laterculus</span> <span class='ocrx_word' id='word_1_272' title='bbox 1026 4279 1229 4345; x_wconf 90' lang='lat' dir='ltr'>continuatus</span> <span class='ocrx_word' id='word_1_273' title='bbox 1252 4279 1350 4342; x_wconf 87' lang='lat' dir='ltr'>fuisse</span> <span class='ocrx_word' id='word_1_274' title='bbox 1373 4279 1406 4341; x_wconf 93' lang='lat' dir='ltr'>in</span> <span class='ocrx_word' id='word_1_275' title='bbox 1429 4277 1576 4342; x_wconf 91' lang='lat' dir='ltr'>ternione</span> <span class='ocrx_word' id='word_1_276' title='bbox 1606 4275 1787 4363; x_wconf 93' lang='lat' dir='ltr'>deperdito.</span> <span class='ocrx_word' id='word_1_277' title='bbox 1833 4278 1905 4364; x_wconf 87' lang='lat' dir='ltr'>ipse</span> 
     </span>
     <span class='ocr_line' id='line_1_28' title="bbox 350 4381 1904 4472; baseline -0.006 -20"><span class='ocrx_word' id='word_1_278' title='bbox 350 4387 481 4452; x_wconf 88' lang='lat' dir='ltr'>difficile</span> <span class='ocrx_word' id='word_1_279' title='bbox 504 4387 634 4472; x_wconf 89' lang='lat' dir='ltr'>legitur,</span> <span class='ocrx_word' id='word_1_280' title='bbox 657 4386 800 4449; x_wconf 83' lang='lat' dir='ltr'>maxime</span> <span class='ocrx_word' id='word_1_281' title='bbox 823 4384 996 4449; x_wconf 90' lang='lat' dir='ltr'>intitulatio</span> <span class='ocrx_word' id='word_1_282' title='bbox 1020 4389 1172 4470; x_wconf 90' lang='lat' dir='ltr'>quattuor</span> <span class='ocrx_word' id='word_1_283' title='bbox 1194 4403 1346 4447; x_wconf 82' lang='lat' dir='ltr'>versuum</span> <span class='ocrx_word' id='word_1_284' title='bbox 1377 4381 1452 4445; x_wconf 89' lang='lat' dir='ltr'>olim</span> <span class='ocrx_word' id='word_1_285' title='bbox 1484 4381 1582 4445; x_wconf 89' lang='lat' dir='ltr'>minio</span> <span class='ocrx_word' id='word_1_286' title='bbox 1613 4381 1805 4466; x_wconf 87' lang='lat' dir='ltr'>scriptorum</span> <span class='ocrx_word' id='word_1_287' title='bbox 1834 4386 1904 4443; x_wconf 90' lang='lat' dir='ltr'>tota</span> 
     </span>
     <span class='ocr_line' id='line_1_29' title="bbox 350 4482 1904 4573; baseline -0.006 -17"><span class='ocrx_word' id='word_1_288' title='bbox 350 4492 418 4556; x_wconf 88' lang='grc'><strong>1444</strong></span> <span class='ocrx_word' id='word_1_289' title='bbox 442 4491 581 4555; x_wconf 87' lang='grc'><strong>4444414.</strong></span> <span class='ocrx_word' id='word_1_290' title='bbox 628 4488 773 4554; x_wconf 89' lang='lat' dir='ltr'>codicem</span> <span class='ocrx_word' id='word_1_291' title='bbox 798 4493 831 4551; x_wconf 92' lang='lat' dir='ltr'>et</span> <span class='ocrx_word' id='word_1_292' title='bbox 853 4489 924 4573; x_wconf 91' lang='lat' dir='ltr'>ipse</span> <span class='ocrx_word' id='word_1_293' title='bbox 947 4488 1132 4553; x_wconf 80' lang='lat' dir='ltr'>examinavi</span> <span class='ocrx_word' id='word_1_294' title='bbox 1155 4494 1189 4552; x_wconf 94' lang='grc'>44</span> <span class='ocrx_word' id='word_1_295' title='bbox 1211 4485 1345 4552; x_wconf 92' lang='lat' dir='ltr'>adhibui</span> <span class='ocrx_word' id='word_1_296' title='bbox 1369 4484 1521 4570; x_wconf 83' lang='lat' dir='ltr'>exempla</span> <span class='ocrx_word' id='word_1_297' title='bbox 1544 4490 1672 4569; x_wconf 89' lang='lat' dir='ltr'>sumpta</span> <span class='ocrx_word' id='word_1_298' title='bbox 1703 4491 1737 4549; x_wconf 90' lang='grc'>44</span> <span class='ocrx_word' id='word_1_299' title='bbox 1759 4504 1779 4547; x_wconf 90' lang='grc'>4</span> <span class='ocrx_word' id='word_1_300' title='bbox 1801 4482 1904 4548; x_wconf 86' lang='grc' dir='ltr'><strong>Β4414-</strong></span> 
     </span>
     <span class='ocr_line' id='line_1_30' title="bbox 348 4585 1903 4677; baseline -0.003 -20"><span class='ocrx_word' id='word_1_301' title='bbox 348 4614 467 4658; x_wconf 91' lang='lat' dir='ltr'>manno</span> <span class='ocrx_word' id='word_1_302' title='bbox 491 4600 524 4658; x_wconf 93' lang='grc'>44</span> <span class='ocrx_word' id='word_1_303' title='bbox 546 4614 566 4657; x_wconf 89' lang='grc'>4</span> <span class='ocrx_word' id='word_1_304' title='bbox 588 4593 749 4658; x_wconf 84' lang='lat' dir='ltr'>Merkelio</span> <span class='ocrx_word' id='word_1_305' title='bbox 775 4598 808 4656; x_wconf 92' lang='grc'>44</span> <span class='ocrx_word' id='word_1_306' title='bbox 831 4611 904 4656; x_wconf 92' lang='lat' dir='ltr'>meo</span> <span class='ocrx_word' id='word_1_307' title='bbox 928 4597 1045 4677; x_wconf 84' lang='lat' dir='ltr'>rogatu</span> <span class='ocrx_word' id='word_1_308' title='bbox 1068 4611 1088 4654; x_wconf 96' lang='lat' dir='ltr'>a</span> <span class='ocrx_word' id='word_1_309' title='bbox 1109 4589 1228 4654; x_wconf 83' lang='lat' dir='ltr'>Mauio.</span> <span class='ocrx_word' id='word_1_310' title='bbox 1274 4587 1376 4654; x_wconf 91' lang='lat' dir='ltr'>edidit</span> <span class='ocrx_word' id='word_1_311' title='bbox 1398 4587 1590 4652; x_wconf 91' lang='lat' dir='ltr'>laterculum</span> <span class='ocrx_word' id='word_1_312' title='bbox 1620 4585 1663 4650; x_wconf 91' lang='lat' dir='ltr'>ad</span> <span class='ocrx_word' id='word_1_313' title='bbox 1686 4607 1761 4651; x_wconf 94' lang='lat' dir='ltr'>eum</span> <span class='ocrx_word' id='word_1_314' title='bbox 1784 4587 1903 4652; x_wconf 88' lang='lat' dir='ltr'>librum</span> 
     </span>
     <span class='ocr_line' id='line_1_31' title="bbox 350 4688 1902 4779; baseline -0.005 -17"><span class='ocrx_word' id='word_1_315' title='bbox 350 4705 383 4762; x_wconf 91' lang='lat' dir='ltr'>ct</span> <span class='ocrx_word' id='word_1_316' title='bbox 406 4698 542 4762; x_wconf 86' lang='lat' dir='ltr'>alterum</span> <span class='ocrx_word' id='word_1_317' title='bbox 566 4704 711 4761; x_wconf 88' lang='lat' dir='ltr'>nostrum</span> <span class='ocrx_word' id='word_1_318' title='bbox 728 4695 761 4760; x_wconf 96' lang='lat' dir='ltr'><em>P</em></span> <span class='ocrx_word' id='word_1_319' title='bbox 779 4696 919 4760; x_wconf 89' lang='lat' dir='ltr'>Zeumer</span> <span class='ocrx_word' id='word_1_320' title='bbox 941 4696 974 4759; x_wconf 92' lang='lat' dir='ltr'>in</span> <span class='ocrx_word' id='word_1_321' title='bbox 998 4694 1143 4759; x_wconf 88' lang='lat' dir='ltr'>editione</span> <span class='ocrx_word' id='word_1_322' title='bbox 1158 4695 1269 4779; x_wconf 90' lang='lat' dir='ltr'>legum</span> <span class='ocrx_word' id='word_1_323' title='bbox 1282 4691 1527 4778; x_wconf 84' lang='lat' dir='ltr'>Visigothorum</span> <span class='ocrx_word' id='word_1_324' title='bbox 1543 4688 1641 4754; x_wconf 92' lang='lat' dir='ltr'>modo</span> <span class='ocrx_word' id='word_1_325' title='bbox 1658 4691 1757 4755; x_wconf 88' lang='lat' dir='ltr'>citato</span> <span class='ocrx_word' id='word_1_326' title='bbox 1779 4712 1811 4776; x_wconf 94' lang='lat' dir='ltr'>p.</span> <span class='ocrx_word' id='word_1_327' title='bbox 1829 4695 1902 4764; x_wconf 86' lang='grc'><strong>314.</strong></span> 
     </span>
    </p>

    <p class='ocr_par' dir='ltr' id='par_1_13' title="bbox 242 4795 1942 5405">
     <span class='ocr_line' id='line_1_32' title="bbox 242 4795 1942 4887; baseline -0.006 -18"><span class='ocrx_word' id='word_1_328' title='bbox 242 4802 454 4868; x_wconf 66' lang='lat' dir='ltr'>saonensis</span> <span class='ocrx_word' id='word_1_329' title='bbox 484 4800 645 4887; x_wconf 91' lang='lat' dir='ltr'>deperditi</span> <span class='ocrx_word' id='word_1_330' title='bbox 675 4802 759 4882; x_wconf 90' lang='lat' dir='ltr'>eius,</span> <span class='ocrx_word' id='word_1_331' title='bbox 795 4800 836 4864; x_wconf 92' lang='lat' dir='ltr'>dc</span> <span class='ocrx_word' id='word_1_332' title='bbox 872 4820 934 4886; x_wconf 91' lang='lat' dir='ltr'>quo</span> <span class='ocrx_word' id='word_1_333' title='bbox 959 4800 1012 4884; x_wconf 92' lang='lat' dir='ltr'>egi</span> <span class='ocrx_word' id='word_1_334' title='bbox 1034 4800 1135 4865; x_wconf 79' lang='grc'><strong>4412</strong></span> <span class='ocrx_word' id='word_1_335' title='bbox 1159 4821 1190 4885; x_wconf 94' lang='lat' dir='ltr'>p.</span> <span class='ocrx_word' id='word_1_336' title='bbox 1212 4801 1285 4874; x_wconf 90' lang='grc'><strong>166,</strong></span> <span class='ocrx_word' id='word_1_337' title='bbox 1320 4796 1507 4881; x_wconf 84' lang='lat' dir='ltr'>exemplum</span> <span class='ocrx_word' id='word_1_338' title='bbox 1543 4795 1760 4860; x_wconf 75' lang='lat' dir='ltr'>Paconianum</span> <span class='ocrx_word' id='word_1_339' title='bbox 1794 4802 1902 4859; x_wconf 92' lang='grc'><strong>444444</strong></span> <span class='ocrx_word' id='word_1_340' title='bbox 1936 4843 1942 4866; x_wconf 82' lang='grc'><strong>,</strong></span> 
     </span>
     <span class='ocr_line' id='line_1_33' title="bbox 349 4899 1903 4987; baseline -0.005 -17"><span class='ocrx_word' id='word_1_341' title='bbox 349 4905 455 4971; x_wconf 83' lang='lat' dir='ltr'>codex</span> <span class='ocrx_word' id='word_1_342' title='bbox 476 4904 673 4969; x_wconf 82' lang='lat' dir='ltr'>Matritensis</span> <span class='ocrx_word' id='word_1_343' title='bbox 694 4905 772 4969; x_wconf 93' lang='lat' dir='ltr'>bibl.</span> <span class='ocrx_word' id='word_1_344' title='bbox 795 4911 861 4968; x_wconf 91' lang='lat' dir='ltr'>nat.</span> <span class='ocrx_word' id='word_1_345' title='bbox 887 4903 967 4968; x_wconf 78' lang='lat' dir='ltr'>P38</span> <span class='ocrx_word' id='word_1_346' title='bbox 991 4903 1013 4968; x_wconf 94' lang='grc'>1.</span> <span class='ocrx_word' id='word_1_347' title='bbox 1034 4905 1123 4976; x_wconf 82' lang='grc'><strong>135’;</strong></span> <span class='ocrx_word' id='word_1_348' title='bbox 1152 4910 1241 4967; x_wconf 88' lang='grc'><strong>44444</strong></span> <span class='ocrx_word' id='word_1_349' title='bbox 1269 4921 1353 4987; x_wconf 93' lang='lat' dir='ltr'>quae</span> <span class='ocrx_word' id='word_1_350' title='bbox 1388 4900 1541 4965; x_wconf 89' lang='lat' dir='ltr'>Perezius</span> <span class='ocrx_word' id='word_1_351' title='bbox 1577 4919 1620 4963; x_wconf 84' lang='lat' dir='ltr'>ex</span> <span class='ocrx_word' id='word_1_352' title='bbox 1653 4899 1795 4964; x_wconf 76' lang='lat' dir='ltr'>Sortensi</span> <span class='ocrx_word' id='word_1_353' title='bbox 1810 4901 1903 4964; x_wconf 90' lang='grc' dir='ltr'>Ι41444</span> 
     </span>
     <span class='ocr_line' id='line_1_34' title="bbox 349 5003 1900 5095; baseline -0.005 -20"><span class='ocrx_word' id='word_1_354' title='bbox 349 5010 547 5090; x_wconf 88' lang='lat' dir='ltr'>nominatim,</span> <span class='ocrx_word' id='word_1_355' title='bbox 562 5007 727 5072; x_wconf 90' lang='lat' dir='ltr'>adsuntin</span> <span class='ocrx_word' id='word_1_356' title='bbox 742 5007 804 5072; x_wconf 88' lang='grc'><strong>1444</strong></span> <span class='ocrx_word' id='word_1_357' title='bbox 823 5007 975 5095; x_wconf 84' lang='lat' dir='ltr'>exemplo</span> <span class='ocrx_word' id='word_1_358' title='bbox 991 5026 1098 5093; x_wconf 87' lang='lat' dir='ltr'>neque</span> <span class='ocrx_word' id='word_1_359' title='bbox 1115 5007 1287 5092; x_wconf 87' lang='lat' dir='ltr'>quicquam</span> <span class='ocrx_word' id='word_1_360' title='bbox 1310 5005 1342 5069; x_wconf 92' lang='lat' dir='ltr'>in</span> <span class='ocrx_word' id='word_1_361' title='bbox 1366 5025 1405 5068; x_wconf 90' lang='lat' dir='ltr'>eo</span> <span class='ocrx_word' id='word_1_362' title='bbox 1430 5003 1542 5068; x_wconf 90' lang='lat' dir='ltr'>codice</span> <span class='ocrx_word' id='word_1_363' title='bbox 1560 5003 1719 5089; x_wconf 90' lang='lat' dir='ltr'>reperitur</span> <span class='ocrx_word' id='word_1_364' title='bbox 1736 5004 1900 5090; x_wconf 92' lang='lat' dir='ltr'>proprium</span> 
     </span>
     <span class='ocr_line' id='line_1_35' title="bbox 349 5106 1903 5198; baseline -0.005 -18"><span class='ocrx_word' id='word_1_365' title='bbox 349 5115 515 5182; x_wconf 85' lang='lat' dir='ltr'>Oveteusi.</span> <span class='ocrx_word' id='word_1_366' title='bbox 560 5111 717 5193; x_wconf 80' lang='grc'><strong>11444144,</strong></span> <span class='ocrx_word' id='word_1_367' title='bbox 742 5132 805 5198; x_wconf 93' lang='lat' dir='ltr'>quo</span> <span class='ocrx_word' id='word_1_368' title='bbox 829 5111 1020 5176; x_wconf 89' lang='lat' dir='ltr'>moderante</span> <span class='ocrx_word' id='word_1_369' title='bbox 1047 5110 1152 5176; x_wconf 84' lang='lat' dir='ltr'>codex</span> <span class='ocrx_word' id='word_1_370' title='bbox 1181 5110 1266 5174; x_wconf 81' lang='lat' dir='ltr'>F58</span> <span class='ocrx_word' id='word_1_371' title='bbox 1296 5109 1391 5191; x_wconf 87' lang='grc'><strong>(14144</strong></span> <span class='ocrx_word' id='word_1_372' title='bbox 1417 5107 1477 5171; x_wconf 90' lang='lat' dir='ltr'>sub</span> <span class='ocrx_word' id='word_1_373' title='bbox 1506 5107 1558 5191; x_wconf 77' lang='lat'>12)</span> <span class='ocrx_word' id='word_1_374' title='bbox 1582 5106 1761 5193; x_wconf 89' lang='lat' dir='ltr'>descriptus</span> <span class='ocrx_word' id='word_1_375' title='bbox 1785 5115 1835 5172; x_wconf 88' lang='lat' dir='ltr'>est</span> <span class='ocrx_word' id='word_1_376' title='bbox 1861 5127 1903 5173; x_wconf 83' lang='lat' dir='ltr'>ex</span> 
     </span>
     <span class='ocr_line' id='line_1_36' title="bbox 348 5208 1902 5297; baseline -0.005 -13"><span class='ocrx_word' id='word_1_377' title='bbox 348 5218 504 5284; x_wconf 87' lang='grc'><strong>04444441</strong></span> <span class='ocrx_word' id='word_1_378' title='bbox 527 5215 627 5296; x_wconf 78' lang='lat' dir='ltr'>libro,</span> <span class='ocrx_word' id='word_1_379' title='bbox 651 5215 694 5280; x_wconf 96' lang='lat' dir='ltr'>ad</span> <span class='ocrx_word' id='word_1_380' title='bbox 716 5215 908 5281; x_wconf 90' lang='lat' dir='ltr'>laterculum</span> <span class='ocrx_word' id='word_1_381' title='bbox 933 5215 1017 5280; x_wconf 90' lang='lat' dir='ltr'>hunc</span> <span class='ocrx_word' id='word_1_382' title='bbox 1039 5214 1162 5279; x_wconf 90' lang='lat' dir='ltr'>Vulsae</span> <span class='ocrx_word' id='word_1_383' title='bbox 1185 5213 1231 5278; x_wconf 92' lang='lat' dir='ltr'>ibi</span> <span class='ocrx_word' id='word_1_384' title='bbox 1254 5213 1444 5277; x_wconf 89' lang='lat' dir='ltr'>attributum</span> <span class='ocrx_word' id='word_1_385' title='bbox 1467 5210 1618 5275; x_wconf 91' lang='lat' dir='ltr'>adnotat:</span> <span class='ocrx_word' id='word_1_386' title='bbox 1643 5208 1902 5297; x_wconf 85' lang='lat' dir='ltr'>‘Wisegotorum</span> 
     </span>
     <span class='ocr_line' id='line_1_37' title="bbox 347 5312 1901 5405; baseline -0.005 -18"><span class='ocrx_word' id='word_1_387' title='bbox 347 5323 463 5388; x_wconf 89' lang='lat' dir='ltr'>dicitur</span> <span class='ocrx_word' id='word_1_388' title='bbox 484 5322 517 5387; x_wconf 92' lang='grc'>14</span> <span class='ocrx_word' id='word_1_389' title='bbox 541 5320 652 5386; x_wconf 89' lang='lat' dir='ltr'>codiee</span> <span class='ocrx_word' id='word_1_390' title='bbox 676 5325 803 5384; x_wconf 84' lang='lat' dir='ltr'>vetusto</span> <span class='ocrx_word' id='word_1_391' title='bbox 822 5317 974 5385; x_wconf 83' lang='lat' dir='ltr'>Soriensi&#39;</span> <span class='ocrx_word' id='word_1_392' title='bbox 997 5317 1196 5405; x_wconf 87' lang='lat' dir='ltr'>adnotatque</span> <span class='ocrx_word' id='word_1_393' title='bbox 1216 5317 1261 5382; x_wconf 88' lang='lat' dir='ltr'>ibi</span> <span class='ocrx_word' id='word_1_394' title='bbox 1284 5315 1491 5381; x_wconf 77' lang='grc'><strong>4464414441</strong></span> <span class='ocrx_word' id='word_1_395' title='bbox 1514 5314 1582 5378; x_wconf 90' lang='grc'><strong>4.1.</strong></span> <span class='ocrx_word' id='word_1_396' title='bbox 1607 5312 1649 5377; x_wconf 90' lang='lat' dir='ltr'>ad</span> <span class='ocrx_word' id='word_1_397' title='bbox 1672 5312 1901 5396; x_wconf 71' lang='lat' dir='ltr'>sisenandum,</span> 
     </span>
    </p>

    <p class='ocr_par' dir='ltr' id='par_1_14' title="bbox 224 5423 795 5510">
     <span class='ocr_line' id='line_1_38' title="bbox 224 5423 795 5510; baseline -0.004 -20"><span class='ocrx_word' id='word_1_398' title='bbox 224 5451 225 5456; x_wconf 47' lang='lat'>¹</span> <span class='ocrx_word' id='word_1_399' title='bbox 347 5425 534 5510; x_wconf 90' lang='lat' dir='ltr'>Wambam‚</span> <span class='ocrx_word' id='word_1_400' title='bbox 558 5423 795 5510; x_wconf 86' lang='lat' dir='ltr'>Leovigildum.</span> 
     </span>
    </p>

    <p class='ocr_par' dir='ltr' id='par_1_15' title="bbox 239 5525 1956 5615">
     <span class='ocr_line' id='line_1_39' title="bbox 239 5525 1956 5615; baseline -0.004 -19"><span class='ocrx_word' id='word_1_401' title='bbox 239 5539 267 5597; x_wconf 87' lang='lat'>3.</span> <span class='ocrx_word' id='word_1_402' title='bbox 293 5532 457 5596; x_wconf 89' lang='lat' dir='ltr'>Parisinus</span> <span class='ocrx_word' id='word_1_403' title='bbox 481 5534 564 5595; x_wconf 82' lang='grc'><strong>4661</strong></span> <span class='ocrx_word' id='word_1_404' title='bbox 591 5529 728 5615; x_wconf 88' lang='lat' dir='ltr'>scriptus</span> <span class='ocrx_word' id='word_1_405' title='bbox 752 5549 836 5594; x_wconf 88' lang='lat' dir='ltr'>saec.</span> <span class='ocrx_word' id='word_1_406' title='bbox 855 5529 902 5592; x_wconf 92' lang='lat' dir='ltr'>IX</span> <span class='ocrx_word' id='word_1_407' title='bbox 926 5529 1075 5604; x_wconf 90' lang='lat' dir='ltr'>ineunte;</span> <span class='ocrx_word' id='word_1_408' title='bbox 1106 5527 1303 5592; x_wconf 88' lang='lat' dir='ltr'>adnotantur</span> <span class='ocrx_word' id='word_1_409' title='bbox 1324 5525 1356 5590; x_wconf 93' lang='lat' dir='ltr'>in</span> <span class='ocrx_word' id='word_1_410' title='bbox 1380 5526 1443 5590; x_wconf 89' lang='grc'>644</span> <span class='ocrx_word' id='word_1_411' title='bbox 1467 5529 1542 5610; x_wconf 89' lang='lat' dir='ltr'>post</span> <span class='ocrx_word' id='word_1_412' title='bbox 1565 5543 1605 5586; x_wconf 90' lang='lat' dir='ltr'>ea</span> <span class='ocrx_word' id='word_1_413' title='bbox 1628 5542 1711 5608; x_wconf 91' lang='lat' dir='ltr'>quae</span> <span class='ocrx_word' id='word_1_414' title='bbox 1736 5525 1900 5589; x_wconf 88' lang='grc'><strong>44414144</strong></span> <span class='ocrx_word' id='word_1_415' title='bbox 1933 5543 1956 5596; x_wconf 85' lang='lat'><em>0</em></span> 
     </span>
    </p>
   </div>
   <div class='ocr_carea' id='block_1_5' title="bbox 347 5627 1901 5792">
    <p class='ocr_par' dir='ltr' id='par_1_16' title="bbox 347 5627 1901 5792">
     <span class='ocr_line' id='line_1_40' title="bbox 347 5627 1901 5708; baseline -0.005 -8"><span class='ocrx_word' id='word_1_416' title='bbox 347 5637 528 5701; x_wconf 91' lang='lat' dir='ltr'>rettulimus</span> <span class='ocrx_word' id='word_1_417' title='bbox 552 5641 585 5698; x_wconf 91' lang='grc'>44</span> <span class='ocrx_word' id='word_1_418' title='bbox 608 5633 852 5698; x_wconf 87' lang='lat' dir='ltr'>adnotationem</span> <span class='ocrx_word' id='word_1_419' title='bbox 879 5633 920 5699; x_wconf 89' lang='lat' dir='ltr'>de</span> <span class='ocrx_word' id='word_1_420' title='bbox 944 5654 1094 5698; x_wconf 90' lang='lat' dir='ltr'>mensura</span> <span class='ocrx_word' id='word_1_421' title='bbox 1117 5631 1218 5697; x_wconf 90' lang='lat' dir='ltr'>hanc:</span> <span class='ocrx_word' id='word_1_422' title='bbox 1243 5629 1409 5695; x_wconf 76' lang='lat' dir='ltr'>usiliarius</span> <span class='ocrx_word' id='word_1_423' title='bbox 1430 5628 1522 5693; x_wconf 80' lang='lat' dir='ltr'>hobel</span> <span class='ocrx_word' id='word_1_424' title='bbox 1537 5627 1775 5708; x_wconf 76' lang='grc'><strong>44444144144414,</strong></span> <span class='ocrx_word' id='word_1_425' title='bbox 1791 5631 1901 5695; x_wconf 79' lang='lat' dir='ltr'>tanos</span> 
     </span>
     <span class='ocr_line' id='line_1_41' title="bbox 1641 5739 1695 5792; baseline -0.019 0"><span class='ocrx_word' id='word_1_426' title='bbox 1641 5739 1695 5792; x_wconf 75' lang='lat' dir='ltr'>os*</span> 
     </span>
    </p>
   </div>
   <div class='ocr_carea' id='block_1_6' title="bbox 0 0 2280 6308">
    <p class='ocr_par' dir='ltr' id='par_1_17' title="bbox 0 0 2280 6308">
     <span class='ocr_line' id='line_1_42' title="bbox 0 0 2280 6308; baseline 0 1"><span class='ocrx_word' id='word_1_427' title='bbox 0 0 2280 6308; x_wconf 95' lang='lat' dir='ltr'> </span> 
     </span>
    </p>
   </div>
  </div>
 </body>
</html>
