4634 6286
395 345 454 408 102
1089 339 1306 395 uvcusulvu
1325 339 1345 395 l.

390 514 464 576 liter
488 512 684 578 defenderit:
709 512 767 576 sed
783 517 878 597 capto
902 511 1144 578 aNortmannis
1160 515 1367 600 Pasqueteno
1382 519 1480 599 atque
1497 513 1666 599 redempto
1682 535 1720 578 cc
1735 521 1849 600 postca
1865 513 2043 600 aquodam

390 637 450 702 per
472 616 604 682 insidias
627 617 731 680 occiso
754 615 841 678 solus
857 636 929 679 cum
946 617 1028 698 filiis,
1052 623 1147 702 prout
1169 622 1309 704 potarat,
1324 617 1448 680 Alanus
1464 618 1566 702 ipsam
1589 619 1787 704 provinciam
1809 618 1955 703 regebat.
2002 640 2044 682 ea

390 727 585 806 tempestate
609 720 672 785 duo
696 721 891 783 monasteria
913 721 1067 802 virorum,
1099 721 1343 804 Lcchmenech,
1374 721 1408 785 id
1435 727 1485 785 est
1515 721 1604 786 locus
1627 721 1872 805 monachorum,
1896 729 1929 787 et
1952 724 2043 787 locus

391 826 493 889 sancti
514 823 630 888 Gildae
660 821 810 909 effugatis
838 822 1074 888 habitatoribus
1097 823 1228 890 deserta
1249 831 1324 889 sunt
1346 831 1444 910 atque
1477 825 1654 890 destructa:
1681 847 1816 912 quorum
1840 826 2042 892 habitatores

390 930 551 994 coniuncti
573 928 667 992 simul
690 927 847 1013 compulsi
870 932 943 991 sunt
965 928 1087 992 alienas
1102 935 1216 1015 petere
1232 929 1384 1014 regiones
1406 935 1504 1014 atque
1527 930 1558 992 in
1574 927 1768 996 Bituricensi
1792 932 1925 1016 regione
1940 952 2042 996 nouas
2082 953 2095 992 a

388 1053 511 1118 ponere
535 1031 640 1114 sedes,
664 1052 774 1096 secum
798 1029 983 1096 deferentes
1006 1039 1190 1097 sanctorum
1217 1053 1363 1118 corpora,
1388 1039 1635 1120 sanctarumque
1652 1035 1839 1119 patrocinia,
1856 1056 1940 1120 quae
1964 1042 2041 1100 tunc

329 1136 369 1198 33
389 1138 543 1223 temporis
569 1135 657 1223 apud
684 1135 856 1200 Britannos
888 1135 972 1200 festa
995 1135 1167 1201 devotione
1200 1137 1363 1223 nimioque
1392 1137 1631 1202 venerabantur
1659 1137 1788 1202 affectu.
1835 1137 2041 1226 [Moriacensi

392 1240 550 1326 siquidem
582 1240 755 1321 coenobio,
779 1239 867 1326 quod
889 1247 938 1304 cst
960 1239 1183 1321 Locmanech,
1214 1247 1366 1326 praeerat
1396 1261 1435 1305 eo
1459 1248 1606 1326 tempore
1629 1240 1757 1305 Taneth
1787 1241 2041 1316 abbasrrnona-

388 1346 521 1410 sterium
544 1367 621 1410 vero
644 1346 746 1410 saneti
761 1343 878 1410 Gildae
901 1344 1039 1429 regebat
1053 1344 1194 1409 Daiocus
1217 1345 1411 1410 venerabilis
1427 1345 1512 1409 vitae
1535 1345 1648 1409 abbas.
1685 1345 1738 1410 hic
1753 1346 1812 1410 sub
1829 1346 1931 1410 altare
1948 1346 2041 1411 huius

389 1455 520 1514 sanetae
549 1449 705 1514 ecclesiae
739 1449 890 1534 reliquias
917 1447 1006 1512 beati
1036 1446 1168 1530 Gildae,
1199 1455 1272 1514 octo
1304 1449 1425 1514 scihcet
1453 1448 1494 1513 de
1524 1449 1699 1514 maioribus
1729 1450 1853 1515 ossibus
1877 1451 1909 1514 in
1932 1471 2039 1514 sarco-
2071 1471 2096 1509 ro

388 1553 497 1640 phago
519 1554 619 1639 ipsius
642 1550 831 1634 recondidit,
855 1572 939 1637 quac
963 1559 1109 1638 ternpore
1133 1558 1243 1617 nostro
1266 1560 1396 1640 reperta
1418 1559 1501 1636 sunt,
1526 1559 1635 1618 cetera
1650 1573 1727 1618 vero
1749 1554 1843 1618 simul
1866 1575 1938 1619 cum
1961 1555 2038 1619 reli-

390 1657 472 1742 quiis
498 1657 600 1721 sancti
621 1656 753 1720 Paterni
775 1655 969 1720 Venetensis
993 1657 1136 1743 episcopi
1161 1661 1194 1721 et
1217 1657 1352 1721 aliorum
1376 1663 1558 1721 sanctorum
1581 1677 1652 1721 cum
1674 1657 1764 1723 libris
1788 1664 1821 1722 et
1843 1660 2039 1723 ornamentis

389 1760 541 1825 monachi
567 1780 676 1824 secum
706 1744 944 1825 transtulerunt.
995 1760 1089 1824 simili
1117 1760 1212 1824 modo
1245 1781 1287 1824 ex
1318 1762 1404 1825 omni
1425 1759 1592 1824 Britannia
1614 1767 1798 1825 sanctorum
1821 1783 1957 1848 corpora
1981 1783 2041 1848 per

329 1859 370 1919 34
389 1863 533 1928 diversas
556 1866 706 1950 regiones
729 1871 803 1928 sunt
826 1861 994 1949 dispersa]
1042 1862 1123 1928 Cum
1148 1871 1257 1928 autem
1282 1865 1493 1950 omnipotenti
1518 1865 1647 1930 dominc
1664 1866 1921 1952 complacuisset,
1945 1874 1980 1931 ut
2006 1873 2040 1932 et

392 1968 548 2033 ecclesiae
583 1974 767 2033 sanctorum
800 1969 832 2031 in
866 1965 1034 2030 Britannia
1067 1973 1324 2032 restaurarentur
1351 1975 1384 2031 ct
1417 1988 1497 2052 gens
1529 1966 1729 2052 Brittcnum,
1758 1991 1841 2056 quae
1870 1972 1903 2035 in
1926 1971 2039 2035 alienis
2070 1987 2094 2027 1⁵

392 2072 578 2156 regionibus
608 2073 727 2136 misero
761 2070 858 2135 modo
894 2070 1064 2152 exulabat,
1092 2071 1135 2135 ad
1165 2073 1311 2158 proprias
1339 2071 1461 2137 rediret
1488 2071 1598 2154 sedes,
1626 2081 1792 2138 resumunt
1813 2074 1900 2140 vires
1922 2076 2039 2140 itanum

392 2174 538 2240 Britanni
560 2182 593 2240 et
616 2176 672 2261 qui
693 2177 778 2240 intra
799 2175 967 2261 regionem
989 2181 1211 2239 remanserant
1235 2182 1268 2240 et
1291 2177 1345 2260 qui
1361 2175 1497 2261 dispersi
1513 2176 1641 2241 fuerant
1665 2198 1724 2264 per
1748 2179 1898 2263 regiones
1914 2180 2041 2244 collecti

388 2280 421 2343 in
449 2301 548 2345 unum
577 2285 706 2344 sumunt
734 2298 839 2361 arma,
873 2285 1063 2364 expugnant
1092 2278 1226 2342 viriliter
1252 2279 1362 2343 hostes
1389 2300 1482 2362 suos,
1512 2287 1598 2344 terre
1627 2282 1772 2367 merique
1797 2281 1942 2368 effugant
1965 2289 2042 2346 eta

390 2384 512 2448 eunctis
539 2383 656 2447 finibus
686 2384 752 2447 suis
782 2382 959 2467 expellunt.
1005 2402 1044 2445 eo
1069 2388 1216 2468 tempore
1241 2387 1310 2446 erat
1333 2402 1442 2447 comes
1471 2384 1505 2447 in
1533 2382 1719 2456 Redonansi
1743 2386 1872 2449 civitate
1896 2385 2040 2468 Inchael,

388 2489 442 2573 qui
469 2493 503 2552 et
530 2486 750 2571 Borangarius
777 2482 957 2548 dicebatur:
986 2485 1043 2548 hic
1064 2484 1178 2550 habuit
1208 2485 1308 2548 filium
1335 2487 1464 2550 nomine
1493 2484 1660 2551 Oonanum
1694 2489 1850 2552 illustrem
1880 2496 1913 2553 et
1943 2489 2039 2554 belli·
2068 2513 2096 2554 ao

388 2611 499 2655 cosunr
527 2591 645 2666 virum,
681 2610 724 2653 ex
758 2608 821 2674 quo
855 2595 944 2653 ortus
974 2595 1024 2652 est
1050 2586 1234 2653 Gaufredus
1263 2588 1311 2653 vir
1339 2596 1372 2653 et
1400 2591 1470 2676 ipse
1493 2591 1526 2654 in
1549 2591 1645 2655 armis
1674 2598 1839 2674 strenuus,
1863 2594 1917 2678 qui
1941 2594 2041 2658 totius

389 2693 578 2759 Britanniae
601 2693 821 2757 monarchiam
845 2692 957 2756 tenuit.
1002 2691 1054 2755 hic
1078 2711 1156 2776 ergo
1180 2693 1306 2777 rogarit
1325 2692 1516 2758 Gauzlinum
1533 2694 1747 2760 Floriacensis
1763 2703 1838 2761 tunc
1855 2698 2042 2762 monasterii

389 2798 553 2878 abbatem,
578 2797 633 2882 qui
656 2797 755 2860 etiam
779 2802 894 2880 postea
909 2793 1102 2859 Bituricensi
1125 2795 1283 2860 ecclesiae
1299 2796 1439 2881 praefuit
1454 2797 1727 2885 archiepiscopus,
1750 2807 1786 2864 ut
1808 2802 2042 2866 transmitteret

389 2901 451 2964 sibi
472 2900 618 2964 Felicem
650 2899 844 2964 monachum
873 2898 916 2963 ad
939 2898 1150 2962 restauranda
1179 2900 1388 2982 monasteria,
1421 2921 1504 2986 quae
1539 2908 1632 2966 erant
1663 2903 1695 2966 in
1729 2925 1787 2969 sua
1815 2906 1949 2990 regione
1972 2906 2041 2969 solo

390 3011 483 3068 tenus
507 3002 680 3070 destructa.
726 3023 810 3067 anno
834 3004 931 3088 igitur
954 3002 1133 3067 dominicae
1156 3004 1383 3067 iucarnationis
1406 3003 1577 3068 millesimo
1601 3013 1716 3071 octavo
1741 3008 1857 3072 missus
1880 3017 1930 3072 est
1945 3009 2040 3072 Felix
2069 3031 2094 3072 ss

392 3117 531 3194 asupra¹
555 3106 639 3172 dicto
663 3107 784 3172 abbate
807 3105 850 3170 ad
865 3104 1066 3171 Gaufredum
1089 3107 1251 3189 comitem,
1277 3107 1330 3191 qui
1353 3106 1527 3172 honorifice
1551 3108 1592 3171 ab
1618 3129 1657 3172 eo
1681 3117 1848 3196 susceptus
1872 3118 2042 3197 astatque

391 3211 560 3300 praedicta
583 3213 741 3278 coenobia
765 3211 796 3275 ei
819 3210 951 3275 donavit
973 3233 1045 3275 cum
1069 3211 1217 3275 omnibus
1239 3209 1438 3296 appendiciis
1461 3213 1541 3295 suis,
1564 3232 1682 3297 rogans
1710 3221 1742 3278 et
1765 3216 1901 3280 multum
1924 3215 2042 3300 depre-

393 3337 479 3398 cans,
501 3323 537 3382 ut
559 3317 645 3381 omni
668 3316 774 3381 studio
798 3313 1024 3380 reaedificaret
1047 3335 1097 3396 ea,
1124 3315 1335 3401 promisitque
1364 3316 1503 3401 plurima
1529 3337 1564 3380 se
1589 3317 1619 3380 ei
1641 3317 1830 3402 largiturum
1851 3319 1946 3402 dona,
1970 3339 2043 3384 cnm

393 3419 434 3486 de
457 3421 571 3485 itinere
595 3420 754 3502 rediisset,
779 3441 841 3504 quo
858 3418 1032 3483 festinabat
1046 3420 1103 3483 ire.
1147 3419 1345 3506 properabat
1367 3420 1452 3483 enirn
1476 3439 1515 3482 eo
1539 3425 1687 3505 tempore
1710 3421 1797 3486 idem
1813 3422 1880 3487 dux
1901 3422 2041 3487 Romam

391 3525 438 3588 ire
461 3525 566 3608 gratia
589 3525 756 3588 erationis:
779 3523 838 3587 ivit
860 3523 980 3608 itaque,
1004 3521 1064 3586 sed
1086 3543 1150 3586 non
1165 3522 1271 3602 rediit,
1295 3523 1369 3606 quia
1391 3523 1423 3586 in
1446 3523 1516 3608 ipso
1532 3523 1647 3587 itinere
1671 3533 1813 3590 mortuus
1836 3526 1904 3591 fuit.
1950 3549 2038 3592 com·
2068 3545 2093 3585 ro

388 3626 602 3694 mandaverat
624 3634 733 3692 autem
755 3627 826 3714 ipse
850 3627 916 3691 dux
939 3647 1037 3712 supra
1060 3623 1180 3690 dictum
1203 3626 1356 3708 Felicem,
1381 3625 1457 3690 dum
1480 3627 1746 3711 proficisceretur,
1772 3631 1900 3714 coniugi
1923 3631 2038 3695 nobili-

389 3733 514 3818 busque
549 3732 629 3812 suis,
665 3731 755 3796 fratri
789 3731 887 3795 etiam
923 3752 980 3795 suo
1014 3729 1171 3794 ludicaeli
1206 3731 1358 3816 episcopo
1381 3729 1575 3812 Venetensi,
1606 3731 1639 3794 in
1673 3733 1762 3796 cuius
1797 3732 1938 3799 dioecesi
1969 3736 2041 3820 ipsa

326 3841 366 3902 35
389 3835 587 3900 monasteria
610 3842 711 3901 erent.
757 3834 825 3899 Sed
853 3835 935 3899 libet
962 3855 1045 3908 nunc
1074 3840 1160 3897 retro
1181 3832 1287 3898 redire
1320 3840 1353 3897 et
1375 3833 1463 3897 beati
1486 3834 1581 3897 Pauli
1603 3835 1747 3923 episcopi
1769 3838 1895 3923 inipso
1919 3838 2039 3904 factum

391 3940 513 4005 referre
537 3939 735 4003 miraculum.
781 3957 854 4002 cum
878 3943 965 4002 esset
985 3937 1073 4002 idem
1096 3936 1192 4000 Felix
1214 3938 1248 4001 in
1270 3958 1368 4023 supra
1390 3934 1475 4001 dicto
1490 3937 1690 4002 Floriacensi
1710 3941 1868 4005 coenobio
1892 3948 2039 4029 tempore

394 4043 543 4109 Abbonis
572 4041 700 4107 abbatis
729 4048 763 4106 et
790 4042 947 4125 languore
975 4041 1066 4126 gravi
1095 4040 1329 4126 deprimeretur
1360 4047 1402 4108 et.
1415 4040 1605 4126 desperatus
1628 4063 1648 4106 a
1670 4041 1804 4108 medicis
1833 4045 2041 4110 nullomodo
2068 4064 2094 4105 es

393 4150 503 4214 vivere
528 4146 724 4228 crederetur,
748 4145 898 4230 apparuit
922 4145 953 4209 ei
976 4144 1123 4229 vigilanti
1146 4151 1179 4208 et
1202 4145 1306 4208 oranti
1329 4144 1444 4208 beatus
1460 4144 1580 4209 Paulus
1597 4146 1768 4234 episcopus
1791 4149 1944 4212 assistens
1967 4156 2042 4214 ante

392 4254 514 4317 lectum
544 4250 643 4336 ipsius
671 4270 743 4313 cum
774 4269 893 4333 magno
922 4248 1043 4312 lumine
1076 4249 1171 4333 eique
1203 4246 1300 4310 dixit:
1329 4248 1491 4332 quomodo
1515 4255 1548 4312 te
1571 4248 1689 4332 habes,
1713 4251 1831 4315 frater?
1854 4252 1907 4315 vel
1930 4252 1985 4316 ubi
2008 4259 2041 4316 te

391 4361 483 4421 tenet
504 4355 568 4421 hoc
590 4353 731 4418 malum?
769 4351 893 4415 atille:
919 4352 989 4436 quis
1013 4372 1058 4429 es,
1082 4350 1232 4415 domine?
1271 4371 1343 4435 ego,
1367 4351 1478 4436 inquit,
1502 4372 1571 4416 sum
1596 4351 1715 4418 Paulus
1739 4356 1919 4441 episcopus,
1945 4377 2041 4441 quem
2114 4345 2115 4348 ¹

391 4459 583 4547 quaerebas.
628 4457 768 4536 domine,
793 4475 881 4532 ecce,
904 4456 959 4536 ait,
981 4455 1013 4518 in
1036 4455 1098 4519 hoc
1120 4456 1223 4518 latere
1247 4474 1298 4518 me
1323 4453 1378 4517 diu
1394 4460 1484 4518 tenet
1499 4456 1629 4537 malum,
1653 4464 1686 4521 et
1709 4458 1849 4522 ostendit
1872 4458 1902 4522 ei
1925 4460 2042 4524 locum.

391 4571 426 4628 at
447 4562 501 4628 ille
526 4560 788 4648 appropinquans
812 4557 913 4644 digito
935 4560 1052 4623 leniter
1074 4558 1115 4623 de
1139 4559 1241 4623 latere
1266 4559 1334 4623 eius
1356 4559 1571 4643 putrefactam
1594 4561 1726 4625 abstulit
1743 4568 1866 4626 costam
1889 4571 1922 4628 et
1945 4564 1975 4628 ei
1998 4564 2041 4628 ad
2067 4585 2094 4624 co

391 4670 503 4733 lumen
524 4662 685 4750 lampadis
707 4660 850 4727 ostendit
871 4660 997 4727 dicens:
1025 4662 1107 4728 haec
1136 4663 1275 4748 amplius
1304 4683 1368 4726 non
1391 4668 1424 4725 te
1447 4664 1584 4728 nocebit.
1631 4672 1664 4729 et
1687 4663 1748 4730 hoc
1772 4665 1881 4730 dicens
1903 4667 2041 4752 proiecit

394 4792 469 4835 eam
492 4776 526 4834 et
548 4767 590 4833 ab
615 4765 802 4830 admirantis
826 4766 925 4830 oculis
948 4786 1020 4830 cum
1043 4765 1163 4830 lumine
1187 4786 1244 4829 suc
1261 4763 1425 4850 disparuit,
1450 4765 1530 4830 odor
1545 4787 1621 4831 vero
1638 4768 1843 4832 suavissimus
1866 4770 2043 4854 permansit

389 4879 459 4939 tota
485 4877 582 4937 nocte
610 4870 644 4933 in
673 4867 790 4932 eadem
821 4866 927 4931 domo.
980 4889 1075 4933 sanus
1098 4869 1208 4954 itaque
1232 4888 1305 4932 cum
1328 4874 1414 4932 esset
1436 4867 1555 4953 factus,
1584 4891 1681 4934 nemo
1710 4871 1879 4956 praevenit
1902 4892 1976 4937 aum
1999 4871 2041 4936 ad

388 4976 515 5062 uigilias
531 4979 713 5039 nocturnas.
751 4972 909 5036 mirantur
924 4993 1035 5036 omnes
1052 4993 1149 5059 quem
1169 4971 1345 5057 sperabant
1366 4972 1430 5035 iam
1452 4981 1615 5038 mortuum
1630 4975 1750 5055 vivere,
1774 4980 1808 5038 et
1829 4976 2039 5062 interrogant,

389 5078 553 5167 quomodo
577 5080 709 5141 sanatus
732 5074 845 5139 fuerit:
873 5075 927 5140 ille
956 5097 976 5139 a
1004 5076 1103 5141 beato
1126 5074 1230 5140 Paulo
1254 5095 1289 5139 se
1311 5075 1474 5140 visitatum
1498 5084 1531 5141 et
1554 5077 1630 5163 quid
1652 5078 1712 5142 sibi
1736 5078 1869 5162 dixerit,
1903 5081 2043 5164 qualiter
2069 5105 2095 5144 a

387 5185 486 5248 etiam
509 5182 551 5246 de
574 5181 677 5244 latere
701 5199 758 5243 suo
782 5179 918 5243 fractam
940 5175 1220 5266 putrefactumque
1243 5179 1439 5245 abstraxerit
1463 5187 1600 5263 costam,
1625 5189 1658 5246 et
1681 5203 1721 5246 en
1743 5183 1847 5263 illam,
1870 5183 1983 5268 inquit,
2008 5190 2042 5248 et

361 5367 362 5370 Ἴ
387 5287 521 5353 elevans
545 5305 565 5348 a
588 5289 675 5348 terra
698 5282 845 5347 omnibus
870 5282 1012 5349 ostendit
1035 5304 1119 5350 eam.
1164 5285 1319 5349 mirantur
1337 5284 1441 5348 cuncti
1457 5284 1587 5367 facturn,
1608 5285 1765 5371 simulque
1781 5284 1895 5352 laudes
1911 5286 2041 5352 domino

326 5393 367 5456 36
387 5410 459 5454 cum
493 5388 599 5453 sonitu
633 5384 846 5450 reddiderunt
882 5387 1110 5472 cymbalorum.
1168 5387 1226 5452 sed
1259 5387 1300 5452 ad
1328 5389 1518 5452 narrationis
1549 5387 1695 5452 ordinem
1727 5388 1906 5454 redeamus.
1962 5391 2042 5454 Post

387 5497 446 5504 ...a—a

491 5546 696 5598 ldst'sndebant
709 5543 735 5596 B
822 5545 1032 5613 pasquethencB
1154 5543 1348 5612 hbyturicensi
1361 5543 1387 5596 B
1502 5542 1556 5595 ic.
1569 5546 1603 5596 33
1620 5561 1669 5596 om.
1682 5544 1707 5594 Β
1823 5545 1858 5600 22
1875 5547 2005 5613 goslinum
2018 5547 2044 5598 Β

385 5635 420 5692 23
437 5638 595 5705 byturicensi
608 5637 634 5687 Β
738 5633 923 5688 toreularia
