4634 6286
381 358 441 420 122
997 353 1171 410 HISTORIA
1192 353 1411 410 BRI'I'I'ONVM

482 525 757 611 Cantabrigionsis
787 529 915 613 collegii
942 529 1083 613 corporis
1113 525 1231 592 Christi
1265 549 1294 592 n.
1318 531 1379 594 363
1412 549 1495 592 saec.
1517 528 1599 593 XIV
1627 533 1701 614 post
1736 527 1852 592 Gildae
1890 528 2032 613 elogium

378 631 501 696 ‘Gildas
534 631 582 695 vir
610 630 741 715 grandis
769 629 979 696 auctoritatis’
1109 633 1266 717 ‘superius
1289 631 1496 698 memoratur'
1520 633 1688 698 historiam
1717 631 1900 698 Brittonum
1929 633 2034 698 habet

378 735 563 820 inscriptam
588 734 649 798 ‘hio
672 735 783 821 incipit
805 735 889 800 liber
912 735 1008 800 Gildo
1032 735 1195 821 Sapientis
1219 735 1259 800 de
1284 738 1385 822 gestis
1407 735 1655 802 Britannorum’.

268 852 365 904 89999.
479 835 705 901 Londiniensis
728 839 837 923 regius
864 842 900 902 13
917 839 994 902 DV
1017 861 1103 904 9999.
1119 839 1204 904 XIII
1228 839 1357 926 (Hardy
1379 863 1409 904 n.
1428 838 1517 926 791).
1564 841 1729 926 ‘incipiunt
1751 845 1846 924 gesta
1860 838 2031 904 Britonum

277 991 279 995 ,
380 939 703 1027 ι90110989319919
728 941 928 1028 composita'.
967 943 1019 1007 ‘de
1042 944 1224 1008 nominibus
1247 944 1412 1008 civitatum
1428 943 1621 1020 Britannie’;
1644 944 1696 1009 ‘de
1720 943 1911 1030 quibusdam
1933 945 2032 1008 mira-

376 1045 503 1110 ‘bilibus
524 1043 712 1109 Britannie’.

477 1147 703 1213 Londiniensis
730 1151 839 1235 regius
866 1153 903 1214 13
920 1149 948 1214 Β
964 1151 1028 1215 XV
1051 1173 1136 1216 saec.
1153 1151 1234 1217 XVI
1266 1151 1396 1238 (Hardy
1424 1174 1453 1217 n.
1471 1151 1549 1238 802)
1581 1151 1760 1238 descriptus
1790 1157 1840 1216 991
1872 1171 1914 1216 ex
1939 1152 2031 1236 regio

380 1257 416 1316 13
440 1251 529 1316 DV.
558 1253 681 1317 variam
703 1253 877 1320 lectionem
899 1255 973 1320 libri
996 1255 1071 1342 (ipsi
1094 1255 1140 1342 U)
1164 1255 1265 1322 edidit
1288 1257 1407 1322 Petris.

479 1357 705 1422 Londiniensis
729 1356 941 1423 cottonianus
962 1358 1073 1425 Vitell.
1091 1359 1151 1424 EI
1174 1381 1260 1426 saec.
1277 1359 1362 1425 XIII
1378 1360 1506 1447 (Hardy
1522 1383 1552 1447 p.
1569 1360 1647 1446 328)
1664 1361 1831 1425 ambustus
1854 1366 1888 1426 91
1908 1361 2031 1424 maiore

376 1481 418 1525 ox
441 1467 533 1547 parte
557 1460 683 1526 deletus
706 1464 816 1528 similis
839 1463 899 1528 fuit
921 1465 1011 1549 regio
1039 1467 1076 1529 13
1092 1464 1123 1528 Ι)
1139 1465 1179 1528 V.
1225 1465 1346 1551 ‘Incipit
1367 1473 1460 1551 gesta
1482 1464 1553 1529 Brit
1576 1463 1670 1530 ....’

269 1586 365 1641 saca.
479 1564 1130 1631 1199019199ιί909119919999191.1)7
1158 1589 1243 1633 9999.
1259 1567 1341 1632 XIV
1372 1568 1501 1655 (Hardy
1523 1591 1554 1633 n.
1572 1567 1660 1653 797).
1699 1567 1820 1654 ‘incipit
1854 1588 1906 1632 res
1937 1572 2033 1652 gesta

377 1669 569 1734 ‘Brittonum
592 1691 612 1733 a
636 1669 733 1734 Gilda
758 1671 912 1756 Sapiente
937 1670 1136 1758 composita’.

272 1793 366 1850 Speos.
481 1773 756 1859 Cantabrigionsis
777 1775 996 1840 bibliothecae
1019 1774 1171 1861 publicae
1193 1777 1231 1840 Ii.
1247 1775 1307 1842 VI.
1335 1782 1365 1842 11
1395 1776 1526 1863 (Hardy
1549 1800 1579 1842 n.
1597 1777 1673 1860 793)
1697 1797 1781 1842 saec.
1798 1775 1894 1839 XIII.
1941 1795 2031 1839 com-

568 1877 645 1939 i''
799 1878 910 1942 ’ΜΗ
1231 1880 1237 1892 ”
1337 1881 1482 1914 ι’·
1627 1879 1848 1942 “;1”’·
1974 1902 1976 1906 .

377 1876 2033 2067 1111111111....11111111191111111111..111131

375 2084 482 2149 verbis
506 2107 537 2171 p.
557 2087 663 2167 196,7
692 2106 822 2150 exorsus
848 2092 893 2150 est
919 2087 1084 2166 predicare
1110 2087 1205 2166 00999
1234 2087 1293 2150 dci.
1339 2088 1570 2173 subscriptum:
1596 2088 1783 2174 ‘expliciunt
1805 2091 1899 2171 gesta
1921 2084 2031 2150 Brito-

377 2193 462 2253 ‘num
486 2212 506 2254 9
529 2190 626 2255 Gilda
649 2190 803 2276 Sapiente
829 2189 1028 2275 composita’.
1076 2195 1159 2254 19919
1176 2190 1287 2254 Petrie
1305 2191 1420 2276 (praef.
1445 2212 1475 2277 p.
1492 2189 1549 2276 67)
1573 2191 1726 2256 historiae
1742 2191 1853 2256 inserti
1874 2195 1947 2253 sunt
1969 2189 2031 2254 loci

377 2292 508 2379 quidam
532 2295 651 2380 sumpti
675 2315 718 2358 ex
740 2293 882 2358 Henricc
907 2293 1201 2379 Huntingdcnensi.
1881 2305 1887 2318 '

256 2420 321 2474 spa.
334 2428 366 2466 11.
480 2397 674 2462 Oxoniensis
701 2396 900 2462 Bodleianus
928 2419 959 2461 n.
981 2401 1039 2462 163
1064 2399 1119 2483 (=
1137 2397 1206 2461 NE
1225 2397 1263 2460 B.
1288 2403 1316 2461 1.
1346 2402 1400 2480 10,
1428 2404 1489 2463 991.
1518 2404 1584 2463 991.
1613 2400 1706 2463 9911
1741 2420 1772 2485 p.
1794 2402 1851 2462 105
1882 2398 2032 2469 9.2016;

375 2501 490 2589 Ilardy
512 2523 542 2566 n.
561 2501 636 2586 783)
661 2521 746 2566 9999.
763 2500 831 2564 XII
855 2502 1021 2586 ‘incipiunt
1042 2499 1334 2586 39919Βι1119999ι
1358 2524 1379 2566 a
1394 2501 1491 2567 Gilda
1514 2501 1668 2589 Sapiento
1685 2499 1884 2588 composita'.
1929 2520 2032 2585 prope

376 2606 502 2672 aceedit
524 2605 567 2669 90
589 2611 717 2670 nostros
732 2605 800 2687 PQ.

478 2710 644 2774 Parisinus
667 2731 697 2773 n.
716 2713 800 2772 5232
824 2729 909 2773 9999.
926 2708 994 2772 XII
1017 2708 1145 2794 (Hardy
1168 2731 1197 2773 n.
1216 2713 1277 2773 794
1307 2710 1347 2774 91.
1370 2732 1401 2775 n.
1418 2709 1496 2792 396)
1520 2709 1649 2774 ridetur
1675 2709 1854 2796 descriptus
1888 2729 1959 2772 9999
1990 2728 2034 2770 ex

377 2814 489 2879 codice
511 2821 622 2878 nostro
639 2813 684 2888 P;
709 2813 785 2876 folio
807 2813 916 2877 exciso
934 2812 1086 2877 deliciunt
1108 2814 1249 2899 computi
1272 2834 1346 2898 pars
1362 2820 1526 2900 postrema
1542 2813 1616 2878 inde
1640 2834 1660 2878 9
1682 2815 1789 2879 verbis
1813 2835 1843 2899 p.
1866 2816 1966 2892 146,1
1991 2810 2033 2874 ab

375 2919 599 2984 incarnatione
622 2923 729 2982 antem
751 2923 784 2980 et
806 2917 998 3002 principium
1021 2917 1174 2982 historiae
1197 2939 1299 3003 usque
1322 2917 1364 2982 ad
1387 2919 1489 2983 rerba
1511 2940 1543 3005 p.
1564 2922 1633 3000 159,
1651 2922 1670 2984 8
1693 2919 1729 2982 in
1751 2919 1817 2982 iam
1840 2916 1956 2980 91191999
1979 2915 2031 2978 in-

374 3023 487 3088 sulam.
534 3022 716 3086 adhaerent
732 3020 877 3084 civitates
895 3027 928 3084 ct
942 3022 1106 3101 miracula,
1131 3042 1214 3107 quas
1236 3022 1349 3087 finiunt
1372 3043 1403 3108 p.
1423 3026 1497 3104 214,
1514 3026 1553 3086 27
1577 3023 1609 3086 19
1625 3023 1732 3087 verbis
1750 3023 1905 3102 intcpram
1919 3019 2031 3099 finiuit

374 3131 472 3193 uttam
495 3127 649 3191 subiectis
677 3126 726 3190 his
749 3125 858 3210 petitis
882 3147 924 3189 ex
947 3148 979 3212 p.
996 3129 1068 3202 218,
1087 3129 1227 3190 24-29ι
1259 3127 1408 3212 ‘primum
1436 3126 1624 3190 miraculum
1653 3127 1802 3190 99111199
1833 3125 1901 3188 9199
1932 3143 2032 3187 mare.

374 3231 561 3297 ‘secundum
693 3249 787 3291 anno.
818 3227 952 3292 tercium
976 3237 1025 3292 991
1048 3228 1166 3292 vadum
1194 3228 1240 3292 ibi
1268 3229 1396 3314 quando
1428 3229 1599 3293 inundatur
1630 3249 1719 3292 mare
1742 3235 1776 3292 91
1798 3225 1932 3292 inundat
1954 3231 2029 3288 919

374 3334 517 3403 ‘contra'.
563 3333 708 3418 sequitur
729 3330 829 3395 index
852 3351 965 3416 regum
988 3333 1144 3419 incipiens
1166 3333 1227 3396 ita:
1259 3332 1327 3396 ‘Ine
1358 3333 1506 3418 regnavit
1529 3331 1694 3396 XXXVII
1716 3333 1816 3395 annis.
1862 3335 1934 3416 post
1956 3349 2031 3392 eum

374 3440 533 3527 ‘regnavit
556 3435 704 3502 Adelard
719 3434 821 3500 XHH
845 3432 955 3498 annis'.

266 3561 362 3616 span.
476 3542 642 3606 Parisinus
664 3539 737 3602 Lat.
757 3540 859 3602 15009
884 3557 967 3602 saec.
985 3538 1052 3603 XII
1068 3538 1181 3624 (antea
1208 3539 1241 3605 S.
1259 3538 1401 3604 Victoris
1423 3561 1454 3603 n.
1472 3543 1549 3614 567;
1573 3538 1687 3624 Hardy
1708 3560 1738 3602 n.
1756 3537 1832 3622 788)
1856 3537 1914 3601 995
1938 3536 2031 3600 111919

373 3651 425 3715 ‘dc
456 3645 577 3731 Anglia
604 3641 780 3708 secundum
805 3639 991 3725 Sapientem
1021 3641 1162 3707 Gildam’
1187 3644 1362 3730 epitomem
1393 3644 1546 3708 historiae
1579 3643 1730 3729 proponit
1753 3643 1973 3728 perturbatam
1998 3646 2032 3705 91

373 3755 555 3840 pessimam.
603 3747 646 3812 ad
674 3751 860 3831 computum
888 3743 1015 3810 adiecta
1045 3753 1119 3811 sunt
1149 3747 1232 3812 haec
1261 3753 1344 3812 19919
1377 3747 1525 3833 Hardyo:
1558 3748 1609 3812 ‘ab
1633 3747 1740 3812 Adam
1763 3766 1840 3810 vero
1864 3767 1965 3831 usqne
1989 3745 2031 3808 ad

374 3859 570 3945 ‘passionem
596 3850 716 3916 domiui
743 3849 842 3913 nostri
865 3848 941 3912 Iesu
964 3839 1325 3932 OhristiVOOXOVII,
1349 3849 1511 3915 aOhristo
1535 3871 1636 3936 usquo
1660 3849 1701 3914 90
1719 3848 1896 3915 secundum
1913 3869 2031 3913 annum

374 3963 471 4048 ‘regis
494 3958 629 4023 Henrioi
651 3955 783 4022 secundi
806 3955 987 4040 Anglorum
1010 3959 1084 4022 anni
1106 3959 1231 4045 peracti
1256 3964 1329 4022 sunt
1351 3956 1513 4022 MOLVI’.

478 4273 664 4358 Sequuntur
686 4267 759 4332 libri
780 4267 926 4332 libellum
948 4267 1075 4331 Nannic
1101 4265 1323 4330 adscribentes
1346 4263 1399 4329 991
1422 4271 1510 4329 certe
1534 4285 1605 4329 cum
1628 4263 1755 4329 Nonnio
1778 4267 1946 4332 coniuncti.

323 4389 362 4440 12²
477 4375 711 4441 Durhamensis
734 4373 865 4459 capituli
889 4372 994 4436 codex
1015 4370 1094 4436 BH
1110 4376 1151 4435 35
1175 4391 1260 4436 saec.
1277 4368 1345 4433 XII
1367 4368 1466 4432 medii
1491 4369 1549 4450 (sic
1572 4368 1762 4450 Jenhinson,
1785 4390 1849 4433 non
1870 4369 1973 4450 XIII,
1996 4374 2032 4432 ut

373 4486 418 4549 ait
442 4477 652 4563 1119999999),
676 4478 813 4562 scriptus
840 4477 977 4541 fortasse
1000 4475 1176 4556 Durhami,
1200 4480 1287 4538 certe
1311 4473 1433 4537 relatus
1463 4473 1495 4536 in
1519 4473 1587 4535 eius
1609 4472 1825 4537 bibliothecae
1849 4475 2032 4556 catalogum

372 4612 401 4653 a.
422 4567 503 4653 1395
528 4582 666 4666 (editum
689 4581 816 4645 Sartees
838 4581 956 4663 society
979 4580 1077 4644 9917
1101 4601 1131 4643 9.
1153 4581 1233 4643 1828
1257 4600 1288 4664 p.
1308 4575 1373 4662 50),
1391 4577 1479 4640 99199
1495 4575 1568 4639 libri
1585 4575 1660 4660 (ipsi
1678 4576 1719 4658 0)
1736 4577 1894 4660 integram
1919 4574 2030 4640 199119-

371 4715 446 4758 nem
470 4688 561 4755 dedit
584 4687 706 4768 Petris,
729 4706 794 4749 non
816 4686 948 4771 plenam
973 4683 1048 4770 (sub
1070 4683 1180 4748 littera
1196 4681 1249 4767 N)
1273 4679 1464 4756 1119999999,
1488 4679 1618 4764 plenam
1642 4683 1675 4742 91
1697 4677 1940 4762 diligentissIme
1964 4677 2032 4741 199-

371 4807 436 4864 tam
473 4815 536 4882 939
572 4791 731 4858 beneficio
766 4789 930 4854 Francisoi
963 4789 1145 4854 Jenkinson
1174 4783 1412 4851 bibliothecarii
1440 4782 1729 4867 cantabrigiensis,
1760 4779 1837 4866 quid
1860 4782 2032 4862 contineat,

371 4905 511 4968 referam
535 4899 581 4963 sic
603 4903 640 4962 ut
663 4897 704 4962 de
728 4918 768 4962 99
792 4896 834 4963 90
857 4918 911 4961 me
937 4897 1061 4961 rettulit
1082 4894 1170 4958 idern
1196 4891 1335 4976 optimus
1358 4909 1503 4953 meorum
1527 4887 1704 4953 studiorum
1728 4886 1865 4952 adiutor.

481 5013 505 5071 1.
529 5003 664 5069 historia
687 5001 827 5086 Angliao
859 5001 1052 5085 perveniens
1085 4997 1127 5061 90
1156 4997 1298 5072 91317,
1321 4993 1477 5077 incipIens
1499 4990 1679 5055 Britannia
1706 4989 1887 5054 irnnhrram
1914 4989 2034 5070 optima

526 5109 611 5172 inter
636 5105 779 5170 Galliam
802 5125 887 5170 9999.
903 5103 984 5167 XIV
1007 5124 1027 5166 a
1050 5101 1238 5185 bibliopega
1261 5095 1412 5160 adiuncta
1434 5100 1493 5158 est.

475 5218 504 5277 2.
527 5215 560 5276 19
586 5209 712 5274 duobus
736 5209 821 5272 foliis
844 5208 996 5274 volumini
1028 5204 1164 5269 adiectis
1195 5201 1327 5284 antiquo
1354 5205 1501 5283 ternpore
1530 5201 1563 5261 91
1592 5197 1624 5260 19
1652 5197 1720 5260 19111
1742 5195 1906 5280 sequentis
1930 5194 2034 5280 (quod

527 5322 577 5381 cst
602 5315 742 5401 primum
779 5313 998 5398 quaternionis
1027 5309 1136 5395 primi)
1167 5305 1287 5393 pagina
1315 5304 1423 5387 priore
1446 5309 1520 5386 post
1542 5301 1669 5364 titulum
1691 5299 1833 5381 hystoria
1855 5297 2033 5378 Anplornns
2109 5297 2112 5304 “

526 5427 559 5485 91
582 5420 719 5484 formam
745 5417 856 5482 mundi
881 5418 979 5481 talem
1004 5415 1083 5494 fere,
1107 5411 1210 5497 qualis
1234 5425 1390 5492 expressa
1413 5411 1463 5468 est
1486 5425 1528 5468 ex
1551 5403 1711 5467 volumine
1741 5403 1804 5466 alio
1826 5403 1859 5466 in
1883 5402 2033 5486 catalago

526 5522 619 5588 9900.
643 5521 959 5606 Cantabrigicnsium
983 5521 1081 5584 9912
1105 5539 1136 5603 p.
1156 5519 1229 5596 325,
1257 5511 1377 5596 legitur
1403 5508 1574 5574 Gillcborti
1605 5508 1807 5574 Limriccnsis
1836 5506 1964 5571 libellus
1992 5505 2034 5572 09
2128 5577 2130 5580 ,

526 5635 613 5692 91919
636 5628 794 5692 999199199
819 5626 956 5710 scriptus
979 5645 1006 5687 9.
1029 5625 1118 5685 1120.
