4634 6286
973 287 1063 342 VITA
1083 288 1227 344 elenau.
1891 293 1931 356 97

269 455 374 520 locum
397 463 536 538 teneret,
561 463 682 539 tamen,
706 466 740 523 ut
764 460 824 524 sibi
849 460 986 525 subditis
1014 463 1200 547 exemplum
1225 462 1413 527 humilitatis
1430 461 1627 544 ostenderet,
1644 464 1819 529 secundum
1843 464 1923 530 divi·

270 581 345 625 num
364 569 584 647 praeceptum.
631 562 718 649 quod
733 565 793 628 ait:
819 567 884 650 ‘qui
899 567 1002 630 maior
1025 572 1075 630 est
1097 572 1251 648 vestrum,
1276 568 1337 631 erit
1358 566 1513 632 minister'
1537 573 1571 632 et
1592 568 1661 654 ipse
1686 568 1833 633 omnibus
1856 584 2086 633 ser-ueduata

270 665 337 730 rire
360 666 504 731 curabat.
550 673 583 730 et
606 687 646 731 ne
671 667 790 732 domini
805 668 882 732 Iesu
905 668 1019 733 surdus
1043 676 1130 734 esset
1145 669 1273 734 auditor
1288 670 1437 736 dicentis:
1463 670 1586 736 ‘discite
1610 691 1630 734 a
1652 691 1716 752 me,
1740 672 1816 756 quia
1837 673 1923 737 mitis
1934 687 2086 734 narrarem.

270 771 351 833 ‘sum
375 775 408 833 et
428 769 556 834 humilis
579 769 699 852 corde’,
722 771 893 856 satagebat
916 773 1014 836 etiam
1042 773 1113 858 ipse
1141 779 1174 836 et
1196 773 1229 836 in
1251 773 1312 838 hoc
1335 772 1456 837 domini
1479 775 1648 838 salvatoris
1671 774 1804 839 obedire
1828 796 1923 862 prae-

230 898 241 936 ι
270 873 388 960 ceptis;
411 893 486 936 nam
510 872 591 938 sicut
614 873 654 938 de
682 874 796 960 Moyse
827 875 979 961 scriptum
1009 881 1068 957 est,
1092 879 1173 940 ‘erat
1202 882 1236 940 et
1263 876 1316 941 ille
1345 877 1531 942 mitissimus
1560 878 1702 943 omnium
1729 879 1813 944 illius
1840 887 2068 944 tem-umam

270 977 377 1063 ‘poris’
401 979 577 1044 hominum.
621 981 750 1065 sepiens
774 1001 902 1067 quoque
927 987 993 1046 tarn
1015 983 1048 1046 in
1072 981 1217 1048 doctrina
1234 1003 1332 1068 quam
1355 983 1386 1047 in
1410 985 1537 1049 actione
1555 990 1635 1066 erat,
1651 1005 1752 1049 verax
1773 985 1806 1048 in
1822 985 1922 1048 collo·

269 1083 408 1166 cutione,
430 1084 463 1147 in
487 1084 684 1148 orationibus
709 1084 865 1166 assiduus,
888 1105 1014 1170 pernox
1036 1086 1069 1150 in
1091 1086 1227 1171 vigiliis,
1252 1087 1378 1151 ieiuniis
1401 1109 1517 1173 corpus
1539 1109 1723 1167 macerans,
1747 1088 1779 1151 in
1801 1088 1923 1152 iniuriis

268 1188 405 1272 patiens,
429 1188 462 1252 in
485 1188 645 1274 colloquio
668 1188 817 1270 affabilis,
840 1189 873 1252 in
890 1190 1105 1276 eleemosynis
1120 1191 1240 1274 largus,
1263 1191 1296 1254 in
1312 1190 1400 1255 omni
1415 1191 1561 1256 bonitate
1578 1192 1777 1278 conspicuus.
1824 1190 1921 1256 doce-

268 1289 326 1354 bat
355 1312 483 1377 quoque
514 1292 696 1356 haereticos
724 1299 798 1379 post
825 1294 962 1378 primam
986 1299 1020 1357 et
1042 1293 1216 1358 secundam
1242 1295 1480 1379 correptionem
1504 1294 1694 1360 devitandos
1718 1315 1809 1374 esse,
1834 1296 1921 1359 elee-

216 1416 242 1454 ιο
268 1397 410 1480 mosynis
433 1401 542 1460 autem
565 1402 700 1482 peccata
722 1395 882 1461 redimere
906 1397 1127 1483 praedicabat,
1154 1399 1334 1463 esurientes
1357 1399 1486 1481 satiare,
1503 1400 1649 1464 sitientes
1671 1405 1795 1486 potare,
1819 1398 1922 1463 nudos

267 1501 403 1580 restire,
432 1499 573 1564 infirmos
602 1505 635 1564 et
661 1501 695 1564 in
723 1501 906 1565 carceribus
934 1502 1057 1587 positos
1081 1502 1227 1582 visitare,
1257 1507 1401 1566 mortuos
1431 1503 1586 1588 sepelire,
1614 1503 1693 1567 nulli
1720 1503 1840 1568 malum
1863 1523 1921 1588 pro

267 1605 353 1669 malo
383 1602 537 1686 reddere,
566 1604 719 1668 ieiunium
747 1625 873 1686 amare,
903 1605 1019 1690 vigiliis
1048 1611 1081 1669 et
1110 1605 1307 1670 orationibus
1338 1626 1468 1693 semper
1496 1607 1653 1672 insistere.
1709 1607 1754 1671 sic
1778 1607 1921 1686 clericos,

269 1708 314 1773 sic
336 1708 523 1791 monachos,
547 1711 592 1773 sic
616 1710 713 1774 etiam
737 1711 837 1774 laicos
861 1709 974 1774 doctor
998 1710 1149 1795 egregius
1172 1711 1351 1775 instnrebat
1369 1711 1512 1797 nihilque
1538 1711 1607 1775 aliis
1624 1733 1718 1797 quam
1743 1711 1829 1797 quod
1851 1695 1922 1797 ipsc

269 1813 391 1876 faceret
421 1813 654 1898 praecipiebat.
704 1815 813 1899 itaque
837 1813 985 1879 omnibus
1011 1815 1118 1879 omnia
1142 1814 1245 1878 lachis
1281 1834 1352 1878 curn
1375 1814 1562 1900 lugentibus
1589 1816 1721 1900 lugens,
1746 1836 1817 1880 cum
1841 1836 1921 1900 gau-

217 1935 240 1974 u
268 1916 419 1981 dentibus
443 1921 513 1980 erat
535 1916 692 2001 gaudens.
738 1923 809 1982 erat
830 1918 939 2004 itaque
963 1923 1058 2004 pater
1082 1938 1262 2003 pauperum
1279 1924 1376 2003 atquc
1394 1918 1623 2004 orphanorum,
1646 1919 1827 2004 lugentium
1843 1939 1919 1983 con-

267 2022 399 2086 solator.
432 2021 595 2106 litigantes
611 2021 653 2084 ad
668 2021 875 2086 concordiam
890 2023 1078 2102 revocabat,
1093 2021 1273 2086 homicidas
1288 2028 1408 2102 autem,
1426 2022 1599 2104 adulteros,
1616 2022 1804 2107 sacrilegos,
1824 2021 1921 2104 fures,

266 2131 431 2211 raptores,
464 2125 692 2210 cuiuscumque
716 2125 912 2190 condicionis
937 2132 1063 2207 essent,
1088 2125 1263 2210 arguebat,
1292 2126 1409 2190 nullius
1432 2146 1605 2211 personam
1628 2147 1754 2190 verens.
1800 2133 1833 2191 et
1855 2126 1921 2211 pri·

267 2230 365 2294 mitus
388 2227 519 2313 quidem
543 2249 586 2292 ex
609 2229 806 2314 euangelicis
830 2229 922 2294 dictis
947 2237 1044 2316 atquc
1071 2229 1259 2315 apostolicis
1283 2235 1316 2292 et
1338 2229 1535 2314 propheticis
1559 2250 1614 2294 cos
1637 2236 1779 2310 terreus,
1804 2227 1920 2293 deinde

267 2333 310 2398 ad
332 2333 565 2419 paenitentiam
588 2354 763 2415 revocans,
787 2333 841 2397 dei
863 2333 1117 2398 misericordiam
1141 2333 1340 2398 confidenter
1363 2332 1575 2419 promittebat
1599 2354 1656 2397 eos
1678 2333 1871 2419 promereri,
1895 2334 1921 2396 si

215 2459 241 2499 ao
268 2445 379 2502 tammr
401 2435 498 2521 digne
522 2437 736 2523 poeniterent.
782 2437 899 2501 Denuo
924 2444 1052 2502 sanctus
1075 2438 1124 2501 vir
1146 2457 1165 2500 a
1188 2436 1345 2500 iratribus
1368 2441 1501 2521 rogatus
1517 2437 1688 2521 religiosis,
1712 2437 1765 2522 qui
1788 2436 1920 2501 adeum
1943 2432 1981 2492 19

269 2540 483 2606 eBritanniis
506 2546 678 2622 venerant,
702 2546 776 2626 post
799 2541 913 2606 decem
936 2562 1055 2622 annos,
1079 2562 1121 2604 ex
1145 2540 1307 2626 quoinde
1331 2547 1529 2623 recesserat,
1559 2541 1685 2627 scripsit
1714 2541 1921 2626 epistolarem

267 2645 431 2724 libellum,
458 2646 491 2709 in
522 2665 585 2730 quo
618 2645 758 2730 quinque
786 2665 883 2730 reges
911 2643 1010 2731 ipsius
1033 2645 1158 2709 insulae
1181 2643 1347 2730 redarguit
1382 2643 1517 2708 diversis
1540 2644 1716 2709 sceleribus
1739 2651 1836 2729 atque
1860 2645 1920 2709 cri-

266 2747 405 2813 minibus
427 2749 576 2814 irretitcs.
623 2770 719 2834 quam
736 2750 905 2835 eleganter
927 2751 1037 2836 itaque
1062 2755 1095 2813 et
1118 2750 1279 2814 succincte
1303 2769 1415 2813 eorum
1437 2749 1601 2833 ignaviam
1618 2750 1922 2813 commemoraverit

268 2860 301 2918 et
335 2852 523 2916 nominatim
555 2873 817 2938 unumquemque
853 2853 894 2917 de
929 2853 994 2916 suis
1030 2853 1182 2938 nequitiis
1221 2851 1482 2938 reprehenderit,
1516 2853 1590 2916 huic
1624 2853 1765 2938 paginae
1799 2852 1919 2918 addere

270 2957 399 3043 placuit.
445 2955 643 3038 ‘enimvero',
666 2957 778 3042 inquit,
803 2956 966 3022 ‘celabunt
989 2957 1084 3038 cives,
1109 2957 1195 3043 quod
1217 2978 1281 3021 non
1304 2957 1408 3021 solum
1431 2964 1623 3038 nostrorum,
1648 2957 1707 3021 sed
1723 2959 2041 3064 exprobrantss‘qq‘jffi

267 3063 342 3126 ‘iam
370 3061 403 3124 iu
431 3060 565 3124 circuitu
586 3061 754 3125 nationes?
793 3060 894 3125 habet
917 3062 1037 3125 etenim
1059 3060 1226 3125 Britannia
1249 3081 1360 3146 reges,
1385 3059 1443 3124 sed
1466 3067 1634 3146 tyrannos3
1659 3060 1781 3126 iudices
1809 3061 1918 3144 hebet,

268 3165 337 3229 ‘sed
359 3165 492 3250 impios:
517 3185 616 3251 saepe
640 3164 835 3251 praedantes
864 3172 897 3229 et
925 3166 1163 3246 concutientes,
1188 3163 1247 3229 sed
1273 3165 1478 3240 innocentes3
1501 3164 1700 3230 vindicantes
1724 3172 1758 3230 et
1779 3167 1918 3252 patroci-

266 3272 401 3350 ‘nantes,
425 3267 483 3332 sed
505 3288 579 3332 reos
603 3275 636 3332 et
657 3270 814 3342 latrones}
838 3289 934 3354 quam
952 3270 1107 3355 plurimas
1123 3271 1277 3354 coniuges
1294 3269 1464 3347 habentes,
1481 3268 1540 3333 sed
1557 3274 1663 3332 scorta
1685 3275 1719 3332 et
1741 3267 1918 3345 adulteram

267 3372 391 3437 ‘crebro
414 3373 557 3436 iurantes
580 3378 613 3436 et
635 3372 854 3458 periurantes;
878 3378 1033 3437 voventes
1058 3380 1091 3436 et
1114 3374 1263 3437 continuo
1287 3372 1523 3459 propemodum
1547 3373 1756 3446 mentientes;
1780 3371 1918 3458 bellige-

267 3479 395 3559 ‘rantes,
419 3477 478 3542 sed
500 3477 605 3542 civilia
629 3483 662 3541 et
684 3477 803 3542 iniusta
824 3477 912 3541 bella
935 3483 1088 3562 agentes;
1111 3497 1172 3562 per
1193 3477 1360 3562 regionem
1385 3475 1516 3564 quidem
1538 3476 1625 3540 iures
1648 3496 1846 3562 magnopere
1869 3477 1918 3540 in-

264 3584 451 3660 ‘sectantes,
482 3601 538 3645 eos
567 3586 676 3645 autem
705 3581 759 3666 qui
788 3577 832 3645 'ad
854 3601 1001 3645 mensam
1024 3581 1139 3645 sedent
1160 3582 1303 3645 latrones
1334 3601 1398 3644 non
1422 3581 1525 3644 solum
1549 3587 1710 3660 amantes,
1737 3578 1919 3644 sedetiam

264 3689 536 3762 ‘remunerantes;
562 3687 784 3771 eleemosynas
807 3687 941 3770 largiter
964 3684 1090 3768 dantes,
1113 3685 1173 3749 sed
1196 3706 1214 3750 e
1238 3685 1372 3770 regione
1387 3686 1581 3749 immensum
1599 3689 1743 3748 montem
1759 3683 1916 3748 scelerum

264 3791 528 3873 ‘exaggerantes;
557 3790 590 3854 in
619 3789 697 3854 sede
727 3789 882 3854 arbitrum
910 3788 1080 3870 sedentes,
1111 3788 1168 3854 sed
1202 3809 1274 3853 raro
1298 3789 1378 3853 recti
1407 3787 1513 3852 iudicii
1537 3788 1683 3872 regulam
1708 3793 1917 3872 quaerentem

264 3893 423 3956 ‘innoxios
457 3893 659 3980 humilesque
692 3892 925 3978 despicientes,
960 3893 1199 3978 sanguinarios,
1234 3891 1407 3979 superbos,
1442 3891 1633 3977 parricidas,
1663 3889 1840 3973 adulteros,
1865 3891 1918 3956 dei

265 3997 430 4074 inimicos,
453 3999 481 4062 si
504 4019 580 4080 sors,
604 4003 640 4062 ut
661 3997 786 4077 dicitur,
810 3997 928 4078 tulerit,
952 3996 1022 4078 hos,
1046 3997 1100 4083 qui
1124 4017 1196 4061 eum
1219 3997 1289 4083 ipso
1312 3997 1441 4060 nomine
1466 3993 1596 4059 delendi
1621 4001 1722 4076 erant,
1746 3993 1918 4060 adsidere

263 4105 369 4188 ‘prout
397 4107 531 4188 possunt
561 4101 751 4172 efferentes:
785 4101 908 4165 vinctos
942 4101 1053 4186 plures
1086 4100 1118 4164 in
1148 4100 1330 4165 carceribus
1359 4099 1533 4180 habentes,
1566 4119 1646 4184 quos
1675 4097 1787 4162 dolose
1811 4099 1917 4184 potius

213 4255 216 4262 ,
263 4210 370 4292 ‘quam
400 4207 515 4272 merito
546 4211 727 4292 proterunt,
751 4206 873 4270 catenis
897 4211 1083 4278 onerantes;
1114 4205 1198 4268 inter
1227 4205 1341 4268 altaria
1369 4203 1518 4268 intrando
1542 4202 1749 4267 demorantes
1780 4209 1813 4266 et
1835 4203 1917 4268 haec

263 4308 390 4374 ‘eadem
424 4310 532 4396 paullo
566 4316 639 4395 post
676 4329 715 4372 ac
744 4309 770 4373 si
798 4309 957 4373 lutulenta
986 4329 1066 4372 saxa
1098 4306 1334 4394 despicientes’.
1387 4313 1421 4372 et
1451 4326 1534 4392 quae
1566 4311 1742 4393 sequuntur
1769 4307 1802 4370 in
1830 4304 1917 4372 dicta

263 4414 410 4500 epistola.
455 4433 539 4477 nunc
561 4413 659 4497 igitur
681 4411 811 4477 dominc
834 4411 1007 4476 adiurante
1031 4411 1074 4476 ad
1097 4410 1131 4475 id
1154 4411 1241 4476 unde
1266 4411 1402 4495 digressi
1424 4410 1588 4474 fueramus
1604 4408 1784 4475 redeamus.

210 4535 237 4576 a
367 4517 448 4582 Erat
463 4538 541 4603 ergo
564 4519 596 4582 in
618 4519 681 4582 illis
705 4517 819 4582 diebus
842 4517 973 4604 quidam
995 4523 1149 4603 tyrannus
1173 4517 1303 4580 nomine
1321 4513 1519 4579 Conomerus
1534 4514 1565 4578 in
1582 4513 1799 4600 superioribus
1815 4515 1915 4600 parti·
1935 4517 1975 4580 20

263 4623 323 4687 bus
345 4622 429 4686 illius
452 4622 607 4707 regionis,
630 4641 784 4707 perversa
807 4619 996 4685 credulitate
1021 4626 1054 4684 et
1076 4618 1238 4684 diabolica
1263 4617 1376 4683 fraude
1399 4617 1561 4698 reductus,
1586 4618 1639 4703 qui
1668 4616 1751 4680 hanc
1771 4615 1916 4681 habebat

264 4725 540 4807 consuetudinem,
564 4732 600 4789 ut
623 4725 888 4810 quotiescumque
913 4746 1003 4789 suam
1026 4725 1231 4809 cognovisset
1253 4723 1422 4807 coniugem
1439 4721 1626 4808 concepisse
1641 4721 1674 4785 in
1689 4727 1793 4802 utero,
1808 4723 1915 4786 statim

262 4830 431 4915 iugulabet
464 4851 546 4894 earn.
604 4835 637 4892 et
670 4850 743 4894 cum
776 4830 840 4892 iam
873 4829 990 4893 multas
1021 4828 1239 4892 interemisset
1273 4826 1425 4891 mulieres
1458 4825 1558 4890 nobili
1588 4825 1741 4910 prosapia
1774 4831 1915 4906 exortas,

263 4939 441 5021 coeperunt
463 4938 615 5019 parentes
639 4952 749 4996 earum
774 4933 907 4996 multum
924 4951 1021 5016 super
1043 4931 1105 4996 hoc
1121 4929 1307 4994 contristari
1331 4933 1364 4992 et
1387 4928 1515 5013 longius
1539 4949 1573 4992 se
1597 4928 1638 4992 ab
1656 4949 1695 4992 eo
1712 4928 1914 4993 submovere.

210 5054 234 5094 ⁴⁵
261 5039 367 5105 nullus
391 5039 500 5124 itaque
524 5037 657 5102 alicuius
688 5035 888 5100 discretionis
915 5036 1012 5099 homo
1041 5055 1147 5120 neque
1179 5030 1393 5118 colloquendo
1424 5052 1530 5118 neque
1553 5033 1647 5097 ullius
1670 5034 1795 5118 negotii
1817 5053 1916 5097 causa

261 5145 294 5209 in
317 5143 543 5230 qualicumque
567 5161 602 5205 re
624 5140 671 5204 illi
694 5138 894 5204 adhaerebat
921 5158 1027 5223 neque
1051 5136 1206 5201 mandata
1236 5138 1267 5200 ei
1289 5136 1468 5221 dirigebat,
1492 5140 1614 5200 utnon
1637 5138 1799 5224 particeps
1822 5136 1916 5202 fieret

261 5246 405 5312 malitiae
435 5245 529 5310 illiue.
574 5244 687 5309 ridens
715 5243 825 5329 itaque
856 5263 891 5306 se
920 5241 1039 5327 despici
1073 5241 1114 5306 ob
1146 5241 1310 5322 omnibus,
1334 5247 1445 5305 sancto
1470 5239 1587 5306 Gildae
1610 5241 1759 5324 mandat,
1783 5247 1819 5306 ut
1841 5263 1914 5307 ver-

263 5352 377 5416 borum
403 5350 503 5437 ipsius
533 5348 722 5436 petitionem
744 5346 939 5432 perciperet.
989 5365 1101 5408 verum
1125 5351 1253 5410 sanetus
1277 5345 1324 5410 vir
1347 5344 1556 5409 calliditatem
1581 5347 1724 5410 malitiae
1748 5346 1817 5410 cius
1840 5366 1914 5432 per-

364 5573 399 5626 35
416 5575 562 5627 dolendiM
665 5571 698 5626 37
717 5571 875 5642 poteruntB
978 5569 1203 5638 superaremur

364 5682 493 5720 canonica
510 5683 545 5720 ιιι.
1677 5663 1709 5716 13
