4634 6286
968 264 1216 321 vuccanus.
1876 273 1918 335 99

261 440 358 505 modo
374 446 519 505 sanctum
536 440 637 503 virum
661 437 703 502 ad
727 457 762 502 se
785 439 989 522 permitteret
1010 439 1153 524 ingredi:
1178 439 1302 503 sciehat
1326 439 1410 502 enirn
1434 459 1469 502 se
1491 439 1524 503 in
1549 440 1646 506 deum
1672 448 1705 507 et
1728 442 1760 507 in
1783 443 1917 508 beatum

262 543 393 610 Gildam
415 543 587 630 deliquisse
611 528 671 627 per
693 542 771 624 hoc,
796 542 882 628 quod
905 562 1041 606 uxorem
1064 563 1154 606 suam
1178 542 1350 607 occiderat.
1397 542 1456 606 sed
1484 547 1631 628 quamvis
1653 546 1715 610 hoc
1738 567 1801 610 non
1825 548 1918 632 igno-

261 655 358 730 raret,
383 669 476 713 orare
499 655 610 712 tamen
632 652 777 711 sanctum
798 646 903 710 virum
927 645 1174 730 dedignabatur,
1197 653 1233 711 ut
1255 647 1321 711 suis
1344 645 1493 732 precibus
1517 648 1678 714 obtineret
1701 649 1789 736 apud
1808 649 1916 732 deum,

263 759 421 839 qnatenus
445 753 537 818 daret
560 753 591 816 ei
614 773 669 816 cor
692 751 862 815 contritum
886 756 920 814 et
934 750 1139 815 humiliatum
1162 749 1205 815 ad
1231 751 1393 836 agendam
1409 752 1643 837 paenitentiam
1668 752 1709 816 de
1730 753 1816 818 malo
1833 755 1920 840 quod

221 879 233 917 s
264 863 388 943 egerat.
433 877 505 920 oum
529 875 607 940 ergo
630 861 760 919 sanctus
776 853 888 919 Gildas
912 853 967 918 diu
982 855 1144 940 pulsasset
1166 855 1209 919 ad
1229 861 1357 940 portam
1372 855 1499 940 tyranni
1524 862 1557 920 et
1579 857 1685 920 nullus
1708 859 1739 920 ei
1766 859 1918 944 aperiret,

264 960 322 1025 sed
344 961 450 1046 potius
473 960 514 1024 ab
538 960 587 1024 his
611 960 665 1045 qui
689 965 783 1023 erant
804 959 888 1022 intus
912 949 1131 1041 derideretur,
1156 959 1259 1023 oravit
1282 959 1396 1040 deum,
1426 960 1452 1022 ai
1476 960 1544 1024 eius
1567 960 1689 1025 vitain
1718 962 1833 1025 melius
1856 983 1920 1025 non

264 1072 351 1128 esset
373 1064 543 1146 mutanda,
567 1069 603 1127 ut
625 1061 814 1148 dignaretur
836 1062 978 1126 malitiae
1010 1063 1079 1126 eius
1101 1062 1199 1126 finem
1221 1063 1399 1148 imponere.
1446 1065 1606 1150 completa
1639 1066 1748 1150 itaque
1773 1066 1919 1129 oratione

262 1169 418 1233 circuiens
441 1175 543 1232 totam
565 1167 785 1245 munitionem,
811 1165 845 1229 in
868 1186 931 1251 qua
953 1166 1112 1256 pessimus
1135 1171 1289 1250 tyrannm
1311 1167 1484 1250 manebat,
1508 1169 1635 1253 accepit
1657 1168 1788 1254 plenum
1811 1169 1918 1255 pugil·

264 1271 330 1336 lum
354 1278 461 1337 terrae
485 1279 519 1336 et
540 1271 678 1358 proiecit
700 1289 797 1355 super
820 1270 909 1333 illam
932 1269 1186 1351 habitationem,
1212 1291 1294 1355 quae
1329 1272 1437 1334 statim
1460 1271 1522 1336 deo
1545 1272 1675 1336 volente
1699 1279 1768 1337 tcta
1791 1273 1919 1339 corruit.

212 1396 236 1433 ¹0
262 1375 390 1442 Deinde
414 1377 493 1442 abiit
516 1395 617 1462 nsque
641 1374 683 1439 ad
705 1376 822 1455 locum,
846 1373 902 1439 ubi
925 1375 1076 1438 exanime
1100 1375 1230 1439 iacebat
1253 1374 1394 1439 cadaver
1417 1376 1559 1440 mulieris
1586 1377 1777 1441 interfectae
1794 1378 1919 1464 prolem
1939 1376 1981 1437 24

262 1481 294 1545 in
316 1487 409 1545 utero
432 1480 592 1561 habentis,
617 1486 650 1543 et
672 1479 734 1543 hoc
756 1477 853 1542 modo
876 1479 991 1542 oravit:
1017 1477 1146 1542 domine
1170 1478 1266 1561 dens,
1291 1479 1345 1564 qui
1368 1479 1532 1544 hominem
1557 1500 1599 1544 ex
1621 1480 1698 1544 limo
1722 1488 1828 1546 terrae
1851 1481 1916 1545 fcr-

262 1585 357 1648 masti
381 1591 415 1649 et
437 1591 571 1670 propter
593 1584 683 1647 illum
705 1580 908 1646 liberandum
932 1581 973 1645 de
997 1587 1159 1666 potestate
1183 1581 1314 1664 diaboli,
1337 1583 1369 1646 in
1393 1584 1483 1647 cuins
1505 1604 1540 1648 se
1565 1584 1742 1649 dominium
1765 1585 1921 1650 iniecerat

263 1689 413 1775 propriae
436 1688 596 1752 libertatis
619 1686 762 1768 arbitrio,
787 1684 862 1748 dnm
886 1690 976 1748 tuum
999 1689 1218 1770 transgressus
1241 1693 1290 1750 est
1313 1693 1541 1772 praeceptum,
1564 1687 1665 1752 lilium
1689 1695 1797 1770 tuum,
1822 1709 1919 1774 quem

262 1798 337 1856 ante
361 1793 492 1856 saecula
515 1812 558 1855 ex
580 1790 773 1854 aeternitate
790 1809 961 1873 genueras,
985 1790 1066 1853 mori
1082 1790 1220 1872 voluisti,
1246 1796 1278 1852 te
1295 1791 1422 1872 invoco,
1446 1798 1482 1854 ut
1507 1811 1560 1855 me
1578 1791 1743 1856 exaudias.
1790 1791 1919 1873 exaudi,

211 1909 236 1949 ¹⁵
263 1897 405 1981 inquam,
430 1895 569 1977 domine,
593 1895 668 1980 quia
690 1899 724 1956 te
746 1893 779 1956 in
801 1892 930 1956 nomine
953 1893 1110 1977 unigeniti
1134 1894 1180 1957 tui
1203 1892 1325 1958 domini
1347 1896 1446 1959 nostri
1471 1894 1547 1959 Iesu
1571 1895 1689 1960 Christi
1711 1903 1800 1983 peto.
1845 1903 1918 1960 tuus

265 2001 350 2064 enim
372 1999 455 2063 filius
478 1999 633 2083 magister
655 2002 766 2060 noster
788 1993 934 2060 Christus
956 1994 1049 2060 Iesus
1072 1997 1261 2082 promittere
1286 1996 1436 2083 dignatus
1461 2006 1510 2063 est
1533 1999 1566 2062 in
1589 2020 1624 2063 se
1648 2000 1868 2081 credentibus,
1893 2001 1919 2064 si
1934 2011 2063 2060 latta&-

264 2103 341 2189 quid
363 2109 396 2166 te
419 2107 570 2188 peterent
591 2103 624 2165 in
647 2100 776 2164 nomine
799 2119 867 2181 suo,
892 2099 978 2184 quod
1000 2120 1113 2164 aurem
1137 2107 1212 2165 tuae
1230 2101 1423 2166 clementiae
1446 2123 1512 2166 non
1534 2110 1700 2168 averteres
1722 2104 1764 2168 ab
1787 2105 1914 2168 illorum

263 2227 371 2295 prece.
422 2215 455 2270 et
482 2207 568 2271 lacta
591 2205 735 2269 oratione
767 2204 893 2288 accepit
921 2209 1018 2288 caput
1048 2211 1081 2267 et
1107 2202 1255 2269 adhaesit
1287 2207 1412 2290 corpori
1436 2211 1548 2270 hunco
1573 2206 1698 2271 dicens:
1731 2209 1764 2271 in
1786 2208 1915 2272 nomine

265 2310 387 2375 domini
408 2311 509 2374 nostri
530 2309 606 2373 Iesu
628 2307 762 2390 christi,
787 2307 921 2388 Tritina,
952 2308 1010 2371 tibi
1034 2306 1122 2388 dico,
1152 2329 1248 2393 surge
1273 2316 1307 2373 et
1329 2316 1379 2373 sta
1401 2329 1498 2394 super
1527 2310 1629 2395 pedes
1658 2318 1731 2375 tuos
1755 2317 1788 2375 et
1810 2309 1918 2375 indica

211 2438 237 2478 so
263 2416 357 2492 mihi,
388 2413 465 2500 quid
487 2413 615 2478 videris.
661 2418 695 2476 at
717 2413 772 2476 illa
800 2412 949 2476 continuo
980 2413 1119 2476 surrexit
1154 2433 1232 2476 sana
1267 2420 1301 2477 et
1335 2414 1448 2478 illaesa
1478 2413 1521 2478 ab
1546 2415 1632 2478 omni
1656 2416 1860 2501 corruptione
1884 2420 1917 2478 et

264 2518 464 2605 respondens
491 2523 602 2581 sancto
630 2518 699 2580 viro
727 2515 822 2580 dixit:
857 2536 934 2578 mox
967 2525 1003 2578 ut
1036 2516 1207 2581 interfecta
1239 2538 1326 2600 sum,
1358 2517 1505 2602 angelico
1533 2518 1739 2582 sustentabar
1767 2518 1918 2583 vehiculo

265 2624 357 2710 quasi
389 2621 525 2687 ferenda
559 2628 591 2686 et
625 2618 789 2705 iungenda
820 2618 917 2683 choro
953 2625 1151 2704 martyrum,
1186 2619 1245 2685 sed
1275 2626 1331 2684 tua
1358 2622 1529 2685 vocatione
1559 2642 1691 2686 reversa
1719 2643 1789 2686 sum
1813 2621 1855 2686 ad
1877 2630 1921 2689 te.

265 2734 341 2792 hinc
363 2726 480 2792 beatus
503 2724 616 2790 Gildas
641 2723 733 2788 duxit
756 2743 828 2787 eam
852 2721 894 2786 ad
917 2728 1043 2809 patrem
1066 2744 1158 2788 suurn
1191 2730 1224 2788 et
1246 2731 1382 2810 accepta
1404 2745 1502 2790 manu
1525 2726 1594 2790 eius
1618 2726 1755 2790 dextera
1778 2724 1920 2791 reddidit

266 2833 297 2896 ci
320 2831 445 2896 dicens:
470 2849 545 2894 ecce
570 2828 763 2914 depositum,
787 2826 873 2912 quod
898 2827 975 2891 mihi
990 2826 1165 2899 tradidisti:
1190 2827 1315 2892 custodi
1332 2849 1404 2893 eam
1426 2835 1462 2893 ut
1484 2829 1582 2893 filiam
1606 2837 1639 2894 et
1662 2831 1797 2916 prolem,
1822 2851 1920 2917 quem
2022 2883 2024 2888 ,

214 2955 239 2996 a
266 2941 375 3020 gestat
396 2935 428 2997 in
452 2939 554 3016 utero,
579 2932 752 3016 diligenter
775 2932 825 2995 fac
849 2931 1005 3012 enutrire,
1028 2952 1101 2996 cum
1123 2939 1217 2996 natus
1240 2932 1346 3014 luerit,
1371 2932 1475 2997 donec
1498 2932 1540 2996 ad
1562 2933 1801 3019 intelligibilem
1826 2941 1918 2998 aeta-

266 3047 333 3104 tem
356 3037 533 3124 perveniat.
578 3035 689 3099 atille
712 3034 771 3097 sub
794 3033 999 3097 iureiurando
1022 3034 1148 3116 aiebat,
1174 3036 1249 3120 quia
1272 3055 1448 3120 numquam
1472 3041 1505 3099 te
1529 3035 1695 3120 deseram,
1719 3044 1821 3123 pater.
1868 3038 1920 3102 cui

265 3143 381 3207 beatus
404 3141 517 3206 Gildas
539 3137 719 3224 respondit:
748 3158 811 3201 non
842 3135 937 3200 decet
959 3137 1126 3202 mulierem
1156 3137 1309 3224 subsequi
1331 3139 1523 3203 monachum
1555 3140 1701 3225 quolibet
1722 3142 1838 3223 moda,
1862 3141 1921 3206 sed

269 3267 364 3311 ruane
398 3246 527 3310 interim
560 3245 593 3307 in
624 3242 720 3306 domo
748 3241 848 3327 patris
875 3241 935 3322 tui,
964 3240 1068 3304 donec
1096 3242 1218 3325 parias,
1245 3249 1278 3306 et
1309 3263 1380 3306 cum
1411 3245 1593 3328 pepereris,
1618 3243 1806 3309 inducemus
1830 3251 1863 3309 te
1886 3245 1919 3309 in

272 3350 503 3414 monasterium
526 3347 696 3432 virginum,
719 3350 754 3410 ιιι
776 3366 849 3409 cum
872 3345 988 3409 ceteris
1010 3345 1186 3430 virginibus
1201 3347 1302 3409 vitam
1318 3347 1527 3411 castimoniae
1549 3346 1667 3412 ducere
1691 3350 1803 3435 possis.
1849 3355 1924 3412 tunc

217 3479 242 3518 ao
272 3454 394 3539 placuit
421 3454 451 3516 ei
479 3452 539 3516 riri
566 3450 619 3515 dei
649 3470 755 3514 sermo
789 3455 822 3512 et
848 3449 1003 3512 remansit
1029 3450 1063 3512 in
1092 3448 1188 3512 domo
1217 3451 1316 3535 patris
1345 3450 1393 3513 sui
1417 3451 1527 3536 paucis
1552 3451 1675 3515 diebus.
1727 3452 1800 3517 Non
1823 3453 1924 3516 multo
1944 3444 1985 3504 25

270 3564 343 3642 post
365 3562 497 3642 peracto
521 3561 680 3640 ternpore,
704 3574 775 3617 cum
799 3552 914 3615 mulier
936 3552 1035 3616 filium
1058 3553 1255 3639 peperisset,
1278 3555 1458 3617 condatum
1481 3559 1531 3618 cst
1555 3554 1598 3619 ad
1621 3554 1755 3620 beatum
1778 3555 1923 3621 Gildoni:

270 3663 324 3747 qui
345 3663 437 3726 iussit
460 3661 631 3746 puerulum
652 3657 809 3742 baptizari
832 3676 1015 3741 nomenque
1038 3677 1130 3720 suum
1155 3658 1186 3720 ei
1208 3657 1375 3744 imponere
1399 3658 1476 3722 lecit
1499 3665 1533 3722 et
1558 3659 1757 3724 ablactatum
1780 3660 1922 3724 liberali-

270 3765 330 3828 bus
352 3766 533 3829 litterarum
556 3761 669 3827 studiis
693 3760 904 3826 erudiendum
929 3760 1060 3825 tradidit
1082 3768 1283 3847 matremque
1308 3763 1376 3826 eius
1399 3763 1431 3826 in
1453 3763 1651 3827 monasterio
1679 3764 1837 3848 virginum
1859 3785 1924 3828 una

274 3889 346 3932 oum
379 3868 496 3932 ceteris
530 3866 653 3931 ancillis
683 3865 737 3930 dei
767 3885 960 3949 permanere
996 3864 1082 3928 fecit.
1139 3885 1222 3950 quae
1253 3871 1370 3951 postea
1397 3866 1430 3928 in
1453 3865 1601 3930 castitate
1625 3864 1687 3930 deo
1711 3869 1871 3949 serviens,
1892 3869 1926 3932 in

218 3995 242 4034 a
272 3971 397 4036 ieiuniis
427 3979 460 4036 et
484 3970 681 4036 orationibus
704 3969 803 4031 vitam
827 3967 949 4031 ducens
971 3966 1103 4031 tandem
1126 3988 1147 4030 a
1169 3966 1299 4032 domino
1322 3975 1438 4032 vocata
1459 3969 1557 4033 beato
1580 3969 1643 4034 fine
1667 3972 1798 4056 quievit.
1843 3971 1925 4036 filius

271 4096 348 4139 uero
374 4076 441 4139 eius
466 4076 590 4161 etipse
614 4074 718 4138 clarus
740 4071 910 4136 virtutibus
934 4078 966 4135 et
989 4071 1150 4135 miraculis
1172 4071 1314 4154 beatam,
1338 4093 1435 4158 quam
1462 4072 1610 4156 duxerat,
1626 4075 1725 4139 vitam
1748 4075 1846 4139 beato
1862 4074 1926 4139 fine

269 4179 452 4265 complevit.
497 4178 581 4242 hunc
605 4198 682 4263 ergo
706 4176 852 4240 Britanni
875 4175 917 4240 ob
941 4174 1168 4240 discretionem
1192 4177 1324 4240 alteriue
1347 4177 1436 4242 beati
1452 4176 1578 4259 Gildae,
1602 4199 1666 4241 non
1683 4176 1812 4242 Gildam
1839 4199 1924 4260 eum,

272 4283 331 4347 sed
352 4282 584 4346 Trechmorum
607 4287 733 4346 vocant.
778 4280 821 4343 a:
844 4280 919 4365 quia
941 4300 1000 4364 per
1022 4280 1176 4344 miracula
1192 4288 1385 4362 sanctorum,
1409 4300 1492 4366 quae
1515 4281 1548 4344 in
1571 4301 1649 4345 aure
1674 4279 1819 4346 fidelium
1842 4284 1924 4347 reci·
1946 4284 1987 4344 26

269 4392 395 4467 tantur,
420 4387 561 4450 omnium
584 4405 691 4450 rerum
715 4390 841 4448 creator
862 4382 1012 4446 laudatur
1034 4403 1073 4447 ac
1096 4389 1284 4466 veneratur,
1309 4385 1363 4470 qui
1392 4385 1425 4448 in
1454 4384 1572 4448 sanctis
1595 4384 1660 4447 suis
1688 4405 1822 4449 manens
1844 4386 1925 4449 mira

217 4496 329 4576 ioper
354 4490 427 4554 illos
458 4496 627 4576 operatur,
661 4489 793 4573 dignum
822 4486 972 4551 dommus
995 4487 1136 4552 scrihere
1160 4489 1258 4552 etiam
1281 4489 1449 4570 virtutem,
1486 4508 1582 4574 quam
1607 4487 1753 4552 dominus
1776 4487 1925 4572 dignatus

274 4601 323 4658 est
346 4595 474 4680 operari
496 4614 556 4679 per
578 4613 707 4657 servum
729 4613 820 4655 snum
845 4589 974 4655 Gildam
997 4590 1029 4654 in
1052 4591 1149 4676 plebe
1173 4593 1276 4657 sancti
1298 4592 1468 4656 Demetrii.
1514 4598 1584 4656 erat
1615 4593 1700 4655 enim
1723 4592 1756 4655 in
1777 4592 1926 4676 praefata

271 4698 368 4783 plebe
400 4703 564 4782 stagnum,
598 4697 631 4760 in
665 4696 754 4760 cuius
787 4701 882 4780 portu
913 4693 1099 4758 residebant
1120 4696 1306 4778 latrunculi,
1337 4697 1391 4781 qui
1414 4695 1517 4760 nudos
1540 4716 1578 4758 ac
1600 4694 1800 4777 verberator,
1824 4715 1924 4780 saepe

268 4800 369 4863 etiam
402 4800 574 4864 semivivos
608 4799 844 4885 permittebant
878 4799 968 4863 abire
1004 4799 1079 4862 illuc
1117 4799 1341 4865 advenientes.
1411 4800 1452 4864 de
1487 4819 1621 4884 quorum
1656 4799 1754 4883 igitur
1784 4800 1927 4885 nequitia

270 4904 418 4968 homines
451 4903 699 4989 circumquaque
723 4903 767 4966 ibi
790 4903 977 4967 habitantes
999 4902 1212 4968 vehementer
1235 4904 1403 4984 commoti,
1428 4924 1500 4967 cum
1522 4923 1582 4989 per
1603 4922 1639 4966 se
1662 4903 1733 4966 illos
1756 4902 1841 4966 illinc
1864 4923 1928 4967 non

219 5035 244 5072 a
272 5007 420 5071 valerent
455 5007 639 5092 expellere,
670 5006 867 5093 praesidium
900 5007 1002 5070 sancti
1031 5013 1224 5091 exposcunt:
1253 5007 1308 5093 qui
1334 5008 1527 5092 perveniens
1557 5026 1659 5092 usque
1688 5004 1730 5070 ad
1758 5027 1794 5071 os
1824 5007 1930 5092 stagni

271 5118 386 5175 exorat
409 5110 584 5194 dominum,
608 5117 643 5174 ιιι
666 5109 836 5174 concludat
858 5109 942 5173 illins
966 5111 1072 5194 stagni
1094 5110 1226 5176 aditum.
1271 5111 1435 5197 completa
1456 5111 1566 5196 itaque
1596 5110 1742 5175 oratione
1766 5131 1807 5175 ex
1830 5131 1929 5175 arena

272 5221 400 5279 erectus
433 5222 483 5279 est
512 5215 653 5279 tumulus
676 5234 830 5298 magnus,
858 5212 914 5275 nbi
942 5213 1029 5298 prins
1058 5213 1272 5299 malignorum
1294 5214 1337 5278 ad
1364 5213 1581 5280 insidiandum
1604 5221 1675 5279 erat
1696 5215 1796 5279 locus.
1843 5215 1929 5301 quod

271 5319 458 5382 miraculum
488 5327 658 5384 sementes
690 5319 744 5403 qui
778 5337 850 5381 cnm
880 5322 990 5379 sancto
1020 5317 1087 5380 viro
1118 5319 1193 5381 illuc
1223 5318 1439 5403 advenerant,
1469 5319 1567 5384 deum
1598 5318 1859 5402 glorificaverunt
1890 5341 1927 5382 ac

565 5462 687 5470 ...ο-η-

376 5543 408 5595 10
426 5547 543 5597 examine
556 5546 589 5596 M
693 5544 723 5598 ll
742 5542 813 5613 quid]
831 5545 876 5609 qui
889 5541 914 5592 B
1019 5540 1054 5592 38
1072 5544 1246 5594 trechinorum
1258 5543 1295 5607 B;
1314 5543 1356 5596 ‘al
1375 5544 1534 5596 'l'remorum'
1553 5544 1616 5595 adra.
1631 5545 1663 5594 M

1673 5636 1726 5692 13¹¹
