4598 6300
388 350 447 413 182
1001 351 1173 407 HISTORIA
1193 351 1413 406 Bulrrouvu

499 518 725 586 HISTORIA.
746 521 963 587 ΒΜΙΤΤΟΝ
967 523 1041 588 VM.
1330 523 1541 588 NENNIVS
1562 524 1967 591 INTERPRETATVS.

382 645 471 715 ruut;
496 646 530 704 et
551 641 606 704 illo
629 642 785 708 lustrante
809 643 841 706 in
857 645 1020 709 montibus
1036 643 1155 710 Hereri
1258 645 1383 708 firmam
1406 631 1715 710 ad'aediiicaudum.
1762 647 1848 732 magi
1879 645 1921 710 ad
1942 648 2034 712 illurn

381 743 513 808 tandem
541 744 574 808 in
605 766 670 809 uuo
699 747 857 811 montium
886 749 1011 830 locum,
1035 749 1067 812 in
1090 767 1154 834 quo
1260 746 1426 812 dixerunt:
1451 767 1558 812 arcem
1582 754 1670 813 tuam
1692 749 1754 812 hoc
1776 749 1934 832 locofao,
1957 771 2033 814 nam

382 855 494 935 aptum
518 853 589 912 erat
611 868 719 913 arcem
743 849 903 935 condere,
931 849 1069 937 adeptus
1096 857 1154 914 est.
1258 871 1324 915 non
1345 851 1468 916 valebit
1496 852 1667 937 quicquam
1694 859 1806 916 contra
1835 872 2033 940 eamusque

381 958 415 1016 et
437 953 524 1037 magi
546 950 589 1015 ad
617 952 706 1016 illum
740 951 869 1020 dixere:
900 975 1008 1020 arcem
1037 955 1070 1018 in
1092 956 1155 1019 isto
1260 954 1302 1018 ad
1324 954 1486 1021 iudicium.
1524 952 1642 1019 deinde
1659 956 1849 1041 congregati
1865 962 1938 1022 sunt
1954 959 2033 1022 arti-

343 1077 354 1114 s
381 1055 452 1119 loco
476 1054 537 1138 iac,
561 1055 636 1150 quia
659 1056 819 1120 tutissima
841 1078 861 1121 a
882 1058 1029 1123 barbaris
1048 1058 1153 1144 genti·
1219 1081 1231 1118 s
1258 1058 1335 1122 fices
1371 1063 1405 1121 et
1427 1064 1627 1143 congregata
1655 1066 1705 1124 cst
1735 1060 1871 1125 materia
1894 1061 1976 1124 arcis
1999 1066 2033 1124 et

378 1159 439 1222 bus
469 1159 502 1222 in
531 1165 700 1224 aeternum
730 1161 800 1224 erit.
852 1167 886 1225 et
914 1162 984 1248 ipse
1016 1162 1155 1227 artifices
1258 1159 1385 1246 lapides
1408 1165 1442 1226 et
1464 1161 1553 1247 ligna
1576 1168 1609 1227 et
1632 1163 1735 1227 omnis
1755 1163 1893 1227 materia
1914 1163 1946 1227 in
1969 1184 2034 1228 uua

379 1263 605 1348 congregavit,
634 1262 668 1327 id
700 1269 750 1327 est
775 1263 982 1350 lapidicinos,
1013 1271 1047 1330 et
1068 1266 1156 1351 ligna
1258 1269 1354 1328 nocte
1377 1261 1517 1329 abducta
1538 1271 1601 1341 est;
1625 1272 1659 1330 et
1680 1266 1818 1330 materia
1839 1267 1940 1331 tribus
1954 1268 2033 1332 rioi-

380 1371 413 1430 et
435 1364 563 1451 lapides
586 1367 799 1452 congregavit
822 1374 855 1431 et
879 1389 951 1433 cum
975 1375 1062 1433 esset
1077 1389 1154 1434 con·
1259 1367 1320 1432 bus
1342 1374 1541 1454 congregata
1569 1376 1619 1434 est
1647 1375 1681 1434 et
1702 1369 1805 1434 tribus
1827 1369 1950 1435 vicibus
1972 1371 2033 1436 ab·

380 1476 518 1555 gregata
541 1470 644 1534 omnis
666 1471 813 1554 materia,
836 1471 870 1535 in
891 1492 956 1536 una
977 1478 1073 1537 noete
1097 1473 1156 1538 ab·
1260 1469 1356 1534 ducta
1385 1476 1444 1534 est.
1497 1479 1530 1536 et
1565 1493 1680 1558 magos
1713 1479 1941 1558 percunctatus
1973 1479 2033 1556 est,

329 1597 354 1635 ro
381 1575 449 1638 lata
472 1580 522 1638 est
543 1574 689 1638 materia.
736 1579 770 1637 et
797 1574 898 1639 tribus
920 1575 1042 1640 vicibus
1063 1576 1156 1640 iussit
1210 1601 1232 1640 ιο
1261 1594 1345 1660 quae
1379 1579 1467 1638 esset
1494 1575 1576 1640 haec
1607 1596 1705 1641 causa
1734 1577 1887 1640 malitiae.
1939 1575 2032 1640 dixe-

381 1677 573 1762 congregari
614 1682 647 1740 et
680 1697 837 1761 nusquam
872 1680 1061 1764 comparuit.
1122 1685 1156 1743 et
1258 1683 1332 1742 runt
1355 1677 1386 1740 ci
1408 1680 1511 1764 magi:
1536 1681 1682 1765 quaerite
1695 1699 1831 1765 puerum
1847 1679 1915 1743 sine
1938 1683 2031 1763 patre

379 1801 494 1867 magos
516 1780 683 1846 arcessivit
706 1786 739 1844 et
755 1779 828 1843 illos
843 1787 1070 1866 percunctatus
1095 1789 1154 1864 est,
1261 1788 1294 1846 et
1318 1777 1481 1846 occidatur
1511 1801 1531 1844 a
1558 1788 1591 1845 te
1625 1788 1659 1846 et
1691 1803 1751 1847 arx
1776 1784 1933 1866 sanguine
1964 1783 2033 1846 eius

380 1904 463 1968 quac
497 1891 583 1950 esset
610 1885 693 1948 haec
721 1903 818 1947 causa
843 1885 987 1948 malitiae
1017 1891 1051 1949 et
1079 1884 1156 1971 quid
1260 1889 1467 1970 aspergatur;
1495 1882 1558 1948 hoc
1588 1884 1684 1950 modo
1712 1884 1876 1950 aedificari
1902 1887 2032 1972 poterit.

379 1986 442 2052 hoc
473 1989 628 2054 erenbet.
677 1992 712 2051 at
738 1987 784 2050 illi
811 1987 1063 2073 responderimt:
1095 1989 1156 2054 nisi

329 2115 352 2154 u
378 2091 536 2156 infantem
559 2094 628 2157 sine
651 2100 744 2178 patre
766 2091 912 2156 invenies
936 2099 970 2156 et
992 2091 1157 2158 occidetur

378 2195 432 2259 ille
471 2201 505 2259 et
541 2216 601 2260 arx
639 2217 659 2260 a
703 2195 860 2278 sanguine
884 2197 961 2260 ‘suo
1001 2215 1156 2282 asperga-

378 2303 439 2380 tur,
462 2318 638 2384 numquam
664 2297 889 2364 aedificabitur
915 2300 949 2364 in
977 2306 1155 2364 aeternum.

326 2409 359 2462 41
380 2400 424 2466 Et
443 2402 513 2488 ipae
536 2402 664 2487 legatos
687 2422 730 2466 ex
752 2403 885 2467 consilio
907 2423 1076 2488 magorum
1099 2423 1159 2490 per
1261 2402 1350 2467 Missi
1372 2406 1446 2466 sunt
1468 2399 1510 2464 ab
1534 2419 1573 2464 eo
1597 2400 1698 2485 legati
1720 2421 1780 2488 per
1801 2401 1937 2466 insulam
1959 2400 2034 2466 Bri-

380 2505 564 2569 unirersaru
593 2503 807 2570 Brittanniam
835 2506 936 2588 misit,
968 2512 1074 2570 utrum
1105 2507 1153 2569 in·
1209 2529 1233 2568 u
1261 2507 1414 2588 tanmem,
1430 2511 1466 2569 ut
1480 2524 1616 2589 puerum
1634 2505 1704 2568 aine
1719 2509 1812 2590 patre
1829 2511 2032 2591 quaererent.

328 2627 354 2667 ιο
381 2606 504 2671 tantem
520 2609 589 2672 sinc
605 2616 698 2695 patre
714 2609 903 2674 invenirent.
940 2616 973 2673 et
987 2608 1154 2674 lustrando
1259 2615 1293 2673 et
1314 2606 1479 2672 lustrando
1502 2613 1661 2674 venerunt
1690 2607 1733 2672 ad
1762 2629 1912 2695 campum
1933 2607 2034 2673 Elleti

379 2731 492 2775 omnes
529 2712 710 2797 provincias
747 2713 962 2798 regionesque
1000 2713 1154 2799 plurimas
1258 2711 1292 2775 in
1314 2711 1446 2796 regione
1467 2710 1609 2776 Gleuisic
1634 2718 1667 2776 et
1688 2713 1881 2778 invenerunt
1902 2731 2031 2796 pueros,

378 2834 498 2879 venere
534 2814 576 2879 ad
611 2836 761 2901 campum
798 2815 913 2898 Elleti,
948 2818 1002 2902 qui
1036 2823 1086 2881 est
1119 2817 1152 2880 iu
1258 2815 1312 2902 qui
1337 2816 1424 2901 pilae
1453 2815 1564 2880 ludum
1586 2815 1765 2896 faciebant,
1796 2822 1829 2879 et
1851 2816 1924 2879 lites
1945 2815 2031 2879 inter

486 3128 748 3193 UDGHKLMNPQ

481 3285 555 3339 fllN.:
575 3285 590 3337 1
609 3293 635 3339 et
651 3286 696 3337 illc
714 3286 840 3338 lustrante
859 3286 885 3337 iu
903 3285 1034 3338 montibus
1052 3285 1135 3338 hereri
1154 3285 1243 3351 (heriri
1258 3285 1415 3351 ODGLPQ)
1434 3292 1452 3337 t.
1470 3285 1498 3336 in
1515 3301 1568 3336 uno
1586 3283 1680 3348 (uuum
1691 3283 1754 3351 De)
1769 3285 1894 3337 mondum
1907 3282 2034 3350 (sontium

377 3370 435 3440 Ka]
457 3372 542 3424 locum
567 3374 634 3438 (loco
646 3371 720 3438 ΗΚ)
744 3374 761 3426 i.
780 3390 805 3439 q.
823 3389 846 3424 a
866 3389 888 3423 e.
912 3387 997 3424 arcem
1015 3373 1124 3424 condere
1148 3371 1181 3437 (c.
1201 3389 1224 3424 a.
1238 3370 1275 3440 D)
1299 3374 1408 3440 adeptus
1431 3370 1479 3438 est]
1502 3383 1607 3425 etcum
1631 3373 1771 3426 lustrarent
1794 3380 1918 3425 montana
1940 3373 2036 3426 heremi

376 3459 526 3526 repperiunt
548 3461 575 3512 iu
598 3461 678 3512 unius
704 3461 825 3512 sumitate
849 3459 943 3511 montis
966 3460 1052 3511 locum
1073 3475 1217 3527 congruum
1238 3460 1272 3511 ad
1293 3475 1379 3512 arcem
1402 3460 1601 3512 construendam
1614 3458 1685 3510 MN:
1708 3461 1782 3512 uenit
1806 3459 1910 3512 taudem
1928 3460 1961 3512 ad
1978 3461 2037 3512 Eris

377 3553 489 3597 montem
510 3546 654 3614 Galsa-edere
672 3551 749 3610 art:
772 3547 798 3597 id
815 3552 855 3598 eat
872 3545 998 3597 shawduu
1017 3545 1147 3610 (rhaudun
1160 3545 1194 3612 L)
1212 3546 1316 3614 anglice
1333 3545 1370 3596 ad
1387 3546 1474 3598 Heriri
1491 3545 1577 3597 adeor.
1589 3544 1633 3596 GL
1742 3542 1760 3596 4
1777 3553 1804 3597 et
1820 3546 1890 3612 magi
1907 3546 1941 3598 ad
1963 3546 2037 3598 illum

376 3632 464 3684 dixere
482 3631 581 3698 (dixere
594 3633 647 3699 Μ’,
665 3634 788 3685 dixerunt
798 3629 966 3699 ODGLPOE]
984 3633 1157 3700 dixeruntque
1174 3633 1245 3700 magi
1263 3631 1323 3698 (cm,
1337 3631 1382 3697 Ν)
1401 3633 1434 3684 ad
1457 3648 1544 3699 regem
1556 3631 1618 3682 MN
1692 3647 1778 3684 aream
1795 3633 1823 3683 in
1845 3632 1894 3684 isto
1912 3632 1968 3683 loco
1986 3629 2036 3698 sao]

376 3719 468 3771 urbem
486 3719 533 3771 tibi
550 3721 593 3776 bic
611 3721 720 3772 aedifica
732 3719 793 3770 MN
903 3718 920 3771 b
938 3717 1010 3787 quia]
1029 3721 1076 3787 qui
1086 3719 1148 3770 ΜΝ
1225 3727 1274 3772 tut.
1292 3735 1310 3772 a
1327 3720 1465 3772 barbarum
1482 3737 1509 3788 g.
1519 3721 1555 3771 iu
1572 3726 1621 3772 aet
1640 3719 1735 3786 eritG,
1754 3726 1802 3772 tut
1820 3719 1869 3770 orit
1887 3717 1948 3784 (cm.
1958 3718 2001 3784 N)
2020 3735 2037 3771 a

376 3807 449 3860 barb.
468 3807 496 3858 in
513 3815 564 3861 aet.
576 3806 638 3858 MN
729 3807 746 3859 6
764 3815 790 3860 et
807 3807 861 3874 ipse
879 3806 944 3874 (ipse
962 3807 1196 3872 corcordare)
1215 3815 1264 3860 art.
1284 3809 1452 3876 congregauit
1470 3808 1496 3859 id
1513 3815 1553 3860 est
1567 3806 1605 3872 (id
1623 3814 1662 3858 est
1679 3823 1727 3857 cm.
1742 3803 1773 3872 Q)
1791 3805 1943 3872 lapidicinos
1962 3805 2036 3874 (lapi-

376 3893 461 3944 darios
472 3891 639 3959 uocare]
658 3909 704 3948 rex
722 3900 810 3946 autem
829 3894 1000 3961 congregauit
1016 3895 1127 3948 artifices
1145 3894 1269 3962 lignarios
1287 3893 1405 3961 (ligurias
1415 3894 1458 3960 Ν)
1476 3895 1667 3963 lapidariosque
1676 3892 1738 3943 MN
1843 3889 1858 3943 'l
1878 3899 1905 3944 et
1921 3892 1994 3960 ligna
2010 3901 2036 3944 et

376 3979 476 4046 lapides
494 3977 531 4042 (et
547 3980 597 4048 lap.
615 3988 642 4032 et
658 3981 722 4048 lign.
733 3978 891 4043 ODGLPQ)
910 3981 1080 4047 congregauit
1097 3980 1215 4045 (uerunt
1227 3977 1371 4046 ODGLH]
1390 3988 1417 4033 et
1432 3981 1519 4034 omnia
1536 3981 1682 4032 necessaria
1697 3980 1730 4032 ad
1753 3979 1837 4046 operis
1855 3980 1989 4031 materiam
2008 3986 2038 4030 ut

377 4080 463 4118 arcem
481 4067 592 4133 erigeret
600 4065 662 4116 ΜΝ
753 4065 771 4118 8
788 4073 814 4118 et
831 4083 891 4119 cum
910 4067 981 4131 (curu
999 4067 1067 4118 enim
1076 4067 1112 4132 P,
1131 4083 1190 4118 curu
1208 4083 1270 4119 uero
1283 4066 1415 4132 UDGLQ)
1434 4075 1502 4120 esset
1518 4074 1674 4135 congregata
1692 4065 1726 4130 (o.
1744 4082 1765 4118 a
1776 4064 1933 4128 ODGLPQ)
1952 4067 2036 4117 omnis

377 4160 436 4204 mat.
456 4154 483 4204 iu
501 4169 555 4205 una
573 4161 648 4206 nocte
666 4152 781 4220 (omnino
793 4153 842 4206 ine.
854 4152 1011 4217 ODGLPQ)
1030 4153 1081 4205 abl.
1100 4160 1141 4205 est
1158 4154 1264 4206 materia
1276 4153 1335 4218 (em.
1348 4153 1505 4218 ODOLPQ]
1519 4155 1639 4207 ettribus
1651 4152 1796 4220 (tribusque
1808 4150 1965 4215 ODOLPQ)
1984 4153 2037 4204 uic.

377 4237 542 4307 (congregari
559 4240 607 4292 ine.
619 4239 670 4306 D·)
688 4241 763 4292 iussit
780 4240 933 4307 congregari
951 4235 1001 4305 (·re
1013 4237 1048 4288 Η
1050 4239 1070 4304 ¹)
1089 4248 1115 4292 et
1133 4256 1158 4290 n.
1177 4237 1329 4307 comparuit]
1348 4249 1506 4308 congregata
1528 4256 1591 4293 uero
1609 4238 1792 4292 innumerabili
1809 4239 1930 4290 metonae
1949 4239 2036 4290 omnia

376 4341 429 4376 una
447 4333 522 4377 nocte
540 4327 629 4379 ablata
646 4335 724 4393 atque
741 4327 858 4394 dispersa
875 4333 937 4378 aunt
955 4326 992 4378 ita
1010 4331 1041 4376 ut
1057 4325 1122 4378 nihil
1140 4332 1282 4377 remaneret
1299 4332 1433 4378 sumtuum
1449 4327 1482 4378 ad
1498 4343 1582 4379 arcem
1602 4325 1805 4394 componendam
1819 4326 1908 4392 sicque
1921 4325 2036 4376 secundo

376 4420 403 4464 et
419 4413 495 4464 tertio
513 4411 550 4479 (et
566 4423 585 4467 t.
604 4431 653 4467 om.
663 4414 705 4478 Ν)
725 4414 839 4467 collectis
857 4413 972 4480 undique
990 4413 1148 4465 materiebus
1171 4429 1262 4464 rursus
1283 4413 1371 4466 omnia
1394 4415 1428 4466 ad
1449 4413 1560 4465 nibilum
1584 4414 1687 4467 redacta
1711 4419 1877 4466 euauuerunt
1901 4417 2038 4476 noctoque

377 4499 526 4566 (ereptoque
544 4508 570 4553 et
586 4503 663 4553 tertio
671 4500 715 4567 Ν)
742 4501 860 4554 aedilicio
886 4499 1064 4567 praecipitium
1091 4498 1262 4567 (praecipium
1270 4499 1313 4564 Ν)
1336 4500 1420 4567 patuit
1442 4507 1468 4552 et
1489 4500 1591 4552 nullum
1614 4500 1719 4553 ualebat
1742 4500 1857 4551 obtinere
1871 4505 1969 4551 summ
1979 4497 2040 4549 ΜΝ

377 4583 453 4652 ullu
471 4594 497 4639 et
515 4587 589 4654 (tunc
604 4587 761 4655 ODGLPQ)
774 4605 865 4655 magos
878 4587 949 4653 (auos
960 4586 1009 4638 int.
1022 4586 1045 4638 0
1048 4585 1168 4651 ¹1)qu
1187 4587 1220 4638 ad
1237 4603 1265 4638 se
1276 4585 1349 4654 0²L)
1362 4587 1498 4639 arcessiuit
1511 4587 1660 4652 (accersiuit
1674 4585 1830 4648 UDOLPQ]
1844 4593 1870 4637 et
1887 4585 1945 4636 ibes
1958 4585 2037 4651 (illos-

375 4690 427 4741 que
437 4673 595 4740 ODGLPQ]
613 4683 798 4744 percunctatus
815 4671 864 4742 eat]
882 4682 911 4727 at
928 4675 972 4727 ille
989 4675 1121 4726 acoersitis
1138 4673 1171 4724 ad
1189 4689 1217 4725 se
1231 4674 1314 4740 magis
1325 4681 1510 4741 percunctatus
1527 4681 1567 4726 est
1579 4674 1640 4738 (om.
1650 4673 1683 4724 Μ
1685 4674 1709 4738 ⁸)
1722 4689 1765 4726 eos
1775 4671 1837 4722 ΜΝ
1909 4670 1942 4723 13
1959 4667 2034 4738 quae]

376 4763 472 4829 quidQ
541 4764 647 4832 etquid
670 4760 726 4830 (cur
740 4759 898 4827 ODGLPQ]
925 4762 973 4814 boc
998 4759 1123 4828 eueniret]
1150 4767 1196 4812 aut
1222 4760 1292 4812 uude
1319 4761 1386 4812 tanti
1411 4760 1506 4812 laboris
1530 4761 1623 4813 inutile
1649 4760 1797 4827 proueniret
1821 4755 2037 4826 (perueniretN)

376 4849 540 4916 dispendium
550 4847 724 4918 (dispendium
734 4850 776 4916 Ν)
787 4848 849 4900 ΜΝ
926 4845 959 4899 14
976 4854 1005 4899 at
1021 4847 1060 4898 illi
1072 4844 1269 4916 responderunt]
1282 4847 1320 4898 illi
1331 4853 1419 4899 autern
1432 4846 1613 4913 respondentes
1625 4847 1746 4900 dixerunt
1755 4844 1817 4895 ΜΝ
1892 4841 1969 4909 lilio
1988 4844 2039 4895 nisi

376 4935 502 4988 infantem
520 4936 577 4988 sino
594 4945 667 5006 patre
685 4937 803 4990 inuenies
820 4942 847 4988 et
864 4935 995 4987 occidetur
1012 4931 1068 5002 ille]
1088 4951 1113 4986 u.
1131 4935 1149 4986 i.
1167 4950 1188 4985 s.
1206 4951 1231 5002 p.
1249 4933 1374 5000 quesieris
1392 4933 1535 4998 (inueneris
1546 4931 1685 4998 mmet)
1703 4940 1733 4986 ut
1754 4932 1852 4984 habena
1869 4927 1976 4998 (habeat
1987 4929 2036 4994 0⁸)

376 5024 421 5087 qui
439 5023 573 5076 occidatur
583 5023 738 5092 ODGLPQ,
757 5024 809 5076 uisi
826 5020 890 5088 (nou
905 5021 946 5088 N)
970 5023 1023 5073 inu
1045 5021 1092 5072 ini.
1116 5038 1137 5073 s.
1156 5039 1179 5088 p.
1200 5028 1227 5073 et
1249 5021 1299 5072 nisi
1323 5019 1455 5072 occidatur
1467 5018 1530 5069 ΜΝ
1630 5018 1663 5072 16
1680 5027 1706 5072 et
1729 5036 1776 5071 arx
1795 5018 1852 5083 (arx
1870 5025 1917 5070 tua
1929 5017 1967 5082 Μ,
1993 5033 2036 5068 ars

376 5118 422 5163 tua
437 5109 482 5176 Ν)
510 5126 527 5162 a
553 5113 681 5179 sauguine
707 5129 754 5164 auo
786 5108 854 5178 (eius
870 5107 945 5177 ΜΝ)
973 5105 1139 5177 aspergatur]
1167 5113 1194 5159 et
1219 5125 1266 5160 arx
1289 5101 1343 5173 (ars
1359 5106 1422 5172 De)
1452 5107 1483 5159 de
1513 5123 1560 5159 suo
1587 5123 1660 5175 sang.
1687 5113 1872 5174 conspergatur
1888 5103 2035 5165 ODGLPQ

379 5193 409 5247 17
428 5195 581 5265 numquam]
599 5216 653 5250 nou
662 5197 724 5249 MN
795 5196 989 5250 aedificasbitur
998 5194 1032 5246 H
1034 5202 1048 5232 ⁸
1162 5191 1195 5245 18
1214 5194 1312 5261 etipse
1330 5194 1571 5261 legatcaexc.m.
1589 5211 1614 5261 p.
1633 5212 1659 5247 u.
1677 5195 1715 5245 br.
1734 5189 1813 5260 misit]
1832 5209 1878 5246 rex
1895 5208 1958 5244 uero
1976 5207 2036 5242 con·

377 5284 427 5336 cite
445 5284 496 5352 leg.
515 5286 586 5350 (auos
603 5286 652 5337 im.
667 5284 740 5352 0¹12)
758 5301 791 5338 ex
810 5300 831 5337 e
851 5301 884 5335 m.
904 5285 947 5348 (ex
965 5299 986 5335 c.
1006 5299 1040 5334 m.
1059 5281 1109 5350 leg.
1122 5279 1155 5347 Q)
1168 5281 1238 5334 misit
1255 5298 1281 5348 p.
1298 5298 1325 5332 u.
1343 5282 1382 5333 br.
1396 5279 1555 5346 ODGLPQ,
1577 5281 1660 5347 magis
1681 5297 1743 5333 uero
1765 5281 1818 5332 tale
1840 5279 1961 5332 dantibus
1979 5294 2039 5330 eon·

378 5370 466 5422 silium
484 5388 530 5424 rex
548 5373 597 5441 leg.
616 5390 662 5442 per
683 5380 765 5426 totam
783 5373 854 5425 misit
870 5372 909 5424 br.
922 5369 983 5422 ΜΝ
1085 5367 1118 5422 19
1136 5379 1224 5422 unum
1242 5369 1259 5420 i.
1277 5385 1296 5420 a.
1316 5386 1341 5436 p.
1359 5369 1506 5420 inuenirent
1525 5367 1674 5435 (reperirent
1686 5364 1729 5434 Q)]
1749 5375 1779 5420 ut
1795 5373 1932 5434 quererent
1948 5371 2037 5417 utrum

376 5458 392 5509 i.
413 5474 433 5510 s.
451 5476 476 5526 p.
494 5460 596 5526 uspiam
612 5461 732 5514 inuenire
750 5467 855 5528 possent
863 5458 926 5510 ΜΝ
1026 5454 1062 5508 20
1078 5465 1105 5510 et
1122 5457 1161 5520 (at
1178 5455 1217 5507 illi
1229 5453 1385 5518 ODGLPQ)
1410 5455 1544 5507 lustrando
1567 5472 1590 5508 o.
1613 5472 1651 5523 pr.
1674 5473 1695 5507 r.
1720 5450 1852 5522 plurimas]
1875 5454 1922 5519 qui
1947 5467 2036 5504 omnes

376 5545 521 5612 prouintias
538 5553 565 5598 et
581 5549 699 5614 regiones
716 5547 883 5615 bryttanniae
901 5545 1088 5614 perlustrantes
1100 5541 1162 5593 ΜΝ
1274 5538 1309 5592 ΜΖ
1327 5556 1421 5594 uenere
1439 5538 1523 5606 (runt
1534 5540 1765 5607 cremare)
1783 5541 1815 5593 ad
1837 5556 1860 5592 c.
1884 5539 1953 5591 elleti
1972 5537 2038 5605 (tieti

376 5633 438 5700 De,
456 5634 517 5686 elati
528 5632 610 5702 0²L¹,
628 5634 704 5687 electi
718 5631 850 5700 O¹LPQ]]
869 5637 1045 5701 peruenerunt
1062 5630 1096 5681 ad
1113 5644 1232 5696 campum
1249 5628 1342 5682 aelecti
1361 5625 1443 5694 (elleti
1454 5628 1489 5679 Μ
1490 5636 1512 5696 ¹,
1530 5625 1605 5682 electi
1615 5629 1658 5696 Ν)
1671 5630 1732 5681 ΜΝ
