4552 6308
584 1183 858 1262 HXPOSITIO
885 1185 1180 1264 TEMPORVM
1206 1190 1244 1263 A
1270 1187 1449 1265 MUNDI
1479 1185 1856 1266 INCOHATIONH.
1934 1167 1938 1178 ’

503 1359 663 1435 Quoniam
692 1365 725 1428 in
755 1365 911 1450 superiori
942 1364 1053 1429 libello
1083 1364 1219 1429 sollicito
1250 1364 1364 1430 lectori
1386 1366 1543 1430 moverim
1565 1365 1762 1452 sompnium,
1793 1367 1932 1431 arbitror
1953 1386 2053 1452 posse
2084 1386 2103 1434 s.
2116 1379 2152 1434 33

398 1467 522 1531 moveri
543 1468 577 1531 iu
600 1487 640 1532 eo
664 1468 750 1554 quod
773 1467 859 1533 idem
882 1469 1099 1550 contineatur,
1132 1469 1206 1554 quia
1229 1489 1248 1532 a
1271 1469 1420 1555 passione
1445 1468 1566 1534 domini
1588 1470 1688 1534 nostri
1711 1467 1924 1535 CCCCXXX
1946 1469 2055 1534 adbuc

402 1578 608 1655 superessent
624 1573 709 1654 anui,
725 1579 760 1637 ut
776 1594 835 1638 sex
850 1574 972 1638 milium
988 1592 1143 1637 annorum
1159 1593 1311 1637 numerus
1326 1575 1525 1661 impleretur.
1564 1595 1627 1659 quo
1645 1573 1742 1638 etiam
1758 1579 1905 1659 tempore
1921 1580 2055 1639 sauctus

362 1689 373 1726 ι
402 1675 548 1760 opusculi
572 1682 683 1740 auctor
706 1696 746 1740 ea
769 1697 851 1762 quae
874 1677 906 1740 in
929 1677 1137 1762 apocalipsim
1161 1675 1202 1741 de
1222 1677 1418 1742 Antichristo
1442 1684 1475 1742 et
1496 1676 1616 1743 domini
1638 1679 1739 1742 nostri
1753 1679 1893 1763 glorioso
1910 1677 2055 1743 adventu

400 1779 518 1865 scripta
541 1786 768 1862 monstrantur,
792 1783 906 1846 asserit
929 1780 1146 1867 adimplenda.
1193 1802 1273 1868 quos
1303 1803 1404 1846 annos
1426 1783 1491 1848 iam
1519 1784 1552 1847 in
1574 1781 1694 1847 Leonis
1716 1783 1852 1868 septimo
1882 1787 1916 1846 et
1938 1781 2055 1846 Severi

400 1889 515 1968 quarto
546 1884 673 1971 imperii
702 1905 785 1950 anuo
821 1887 1042 1971 cognoscimus
1074 1885 1173 1950 fuisse
1200 1887 1360 1973 impletos.
1406 1885 1463 1951 sed
1487 1906 1569 1973 quae
1603 1885 1684 1950 ratio
1716 1907 1812 1972 supra
1842 1886 1963 1951 dictum
1992 1906 2052 1950 ex·
2068 1901 2131 1955 nc.
2144 1901 2201 1946 aas?

401 1989 579 2074 positorum
596 1988 759 2072 fefellerit,
780 1990 924 2055 breviter
937 1990 1109 2055 intimabo:
1134 2012 1290 2055 aunomm
1306 1991 1425 2056 etenim
1448 1991 1565 2056 seriem
1587 1991 1784 2075 singularum
1806 1990 2055 2077 generationum

400 2113 461 2158 nec
484 2113 548 2157 non
569 2092 711 2159 iudicum
734 2101 768 2159 et
790 2115 904 2181 regum
927 2095 1039 2182 populi
1062 2094 1269 2160 Hebreorum
1302 2102 1450 2181 tempora
1479 2116 1545 2159 non
1567 2116 1610 2159 ex
1632 2093 1803 2160 Hebraicis
1825 2092 2053 2175 voluminibus,

350 2209 374 2248 ¹⁰
405 2197 463 2263 sed
499 2219 542 2263 ex
575 2201 781 2286 septuaginta
813 2201 1025 2287 interpretum
1060 2200 1321 2265 translationibus
1355 2200 1491 2286 scripsit.
1538 2220 1596 2286 pro
1633 2219 1697 2285 qua
1734 2219 1768 2262 re
1806 2195 1864 2286 [ut]
1901 2197 2054 2262 studiosis

400 2308 583 2388 temporum
600 2304 719 2368 veritas
735 2303 879 2390 patefiat,
895 2305 1113 2370 necessarium
1131 2305 1209 2370 duxi
1229 2304 1405 2370 secundum
1422 2305 1624 2392 exemplaria
1639 2304 1680 2368 ab
1696 2303 1867 2369 Hebraicis
1882 2303 2056 2368 autenticis

401 2426 420 2469 a
456 2406 555 2471 beato
591 2405 776 2473 Iberonimo
807 2410 839 2472 iu
871 2408 1021 2473 Latinum
1058 2410 1214 2473 translata
1246 2430 1305 2496 per
1337 2411 1562 2493 generationes
1589 2429 1628 2474 ac
1665 2407 1817 2494 deinceps
1844 2406 1885 2472 de
1920 2406 2057 2471 Eusebii

401 2511 535 2574 cronicis
559 2511 669 2596 quanti
693 2513 768 2576 anni
791 2511 943 2576 emundi
966 2513 1090 2597 origine
1113 2533 1215 2599 usqua
1239 2512 1281 2577 ad
1303 2520 1445 2578 nostram
1470 2517 1612 2577 aetatem
1635 2511 1754 2576 fuerint
1776 2511 1906 2595 evoluti,
1924 2509 2056 2575 domino

401 2620 563 2679 annuente
587 2622 767 2680 monstrare
791 2621 888 2702 atque
911 2617 952 2681 ab
975 2615 1084 2681 Adam
1105 2618 1208 2703 primo
1231 2615 1361 2682 homine
1386 2616 1554 2682 exordium
1577 2635 1713 2681 sumere.

354 2898 378 2936 rs
407 2873 540 2940 Pramsaa
565 2875 671 2940 Gaius
692 2876 800 2941 Iulius
825 2877 944 2943 Caesar
964 2877 1107 2960 repascit
1128 2878 1225 2941 annas
1246 2877 1393 2958 quiaque.

410 2977 605 3045 Octcoiarsua
626 2981 846 3063 Augustales
868 3001 930 3063 qao
951 2981 1094 3063 Augusti
1115 3002 1179 3046 esse
1201 2985 1375 3062 coeperant,
1398 2980 1540 3061 repeterat
1561 2979 1659 3044 oanis
1681 2978 1774 3045 LVI.

404 3081 551 3147 Tiberius
565 3086 707 3166 regnauit
723 3087 819 3150 annis
836 3085 972 3151 XXIII.
988 3084 1082 3149 huius
1098 3086 1209 3170 quinto
1226 3083 1376 3149 decimo
1368 3084 1494 3169 imperii
1510 3104 1593 3147 auno
1616 3080 1780 3147 dominum
1796 3082 1838 3146 ad
1858 3082 2057 3168 baptismum

489 3190 616 3254 venisse
640 3210 741 3254 annos
763 3194 917 3276 agentem
941 3191 1057 3255 aetatis
1079 3191 1112 3254 in
1135 3210 1230 3255 carne
1257 3188 1372 3271 XXX,
1403 3188 1603 3273 evangelista
1629 3186 1735 3252 Lucas
1764 3187 1972 3252 domonstrat.
2001 3186 2059 3272 qui

492 3293 590 3357 etiam
619 3300 693 3381 post
714 3293 911 3380 baptismum
933 3295 1071 3358 triennio
1095 3292 1300 3380 praedicasse
1331 3298 1364 3356 et
1395 3291 1440 3356 sic
1468 3291 1510 3355 ad
1532 3291 1716 3378 passionem
1739 3291 1866 3355 venisse
1890 3310 1933 3354 ex
1956 3309 2057 3355 evan-

351 3425 377 3464 ιι
491 3398 577 3483 gelio
600 3397 751 3463 Iohannis
773 3399 986 3484 intellegitur,
1018 3398 1073 3484 qui
1101 3399 1161 3462 fuit
1183 3395 1306 3462 Tiberii
1328 3394 1443 3460 XVIII
1466 3415 1577 3459 annua.
1621 3393 1701 3459 fiunt
1730 3414 1808 3480 ergo
1839 3414 1952 3459 omnes
1981 3395 2059 3458 anui

490 3500 531 3565 ab
547 3500 654 3565 Adam
670 3522 772 3588 usque
789 3501 831 3565 ad
846 3503 1031 3588 passionem
1044 3501 1164 3566 domini
1179 3500 1254 3564 anni
1269 3487 1463 3564 IIIICXIII.
1498 3499 1646 3583 regnavit
1660 3499 1771 3583 itaque
1786 3502 1859 3584 post
1870 3497 2058 3583 passionem

493 3603 611 3668 domiui
634 3603 784 3669 Tiberius
807 3606 898 3670 aunis
920 3605 961 3670 V.

406 3708 513 3773 Gaias
536 3715 732 3791 copaomanto
758 3706 907 3792 Cals'ptda
928 3711 1071 3793 repuaoa't
1092 3709 1189 3775 annis
1212 3707 1279 3773 III
1295 3707 1454 3773 moscus
1475 3705 1517 3770 X.

408 3811 564 3877 Claudius
585 3813 733 3899 regnarit
755 3815 845 3878 annis
868 3813 955 3878 XIII
977 3835 1078 3880 mens.
1095 3814 1171 3878 VII.

352 3943 377 3982 ss
408 3915 494 3982 Nero
515 3918 658 3999 repascit
679 3919 776 3982 mmia
800 3917 899 3983 XIII
916 3940 957 3986 m.
982 3917 1060 3984 VII.

411 4019 626 4102 Vespasianus
647 4042 708 4104 rap.
732 4041 809 4087 aaa.
826 4021 872 4087 X.

405 4123 497 4189 [litus
520 4125 603 4189 filius
625 4124 819 4212 Vespasiani
841 4145 910 4211 reg.
933 4124 1014 4190 all
1035 4124 1157 4192 m.111.

411 4228 619 4302 Donsita'omua
639 4229 743 4310 frater
768 4228 834 4294 Titi
854 4249 917 4312 rap.
940 4251 970 4297 a.
987 4228 1060 4295 XV
1076 4251 1117 4295 m.
1140 4229 1175 4294 V.

408 4333 516 4398 Nerva
537 4354 599 4416 rap.
622 4354 708 4399 cauo
731 4333 814 4399 Im.
829 4332 917 4399 IIII.

355 4437 575 4502 terramus
597 4458 658 4521 rap.
681 4459 713 4504 a.
728 4436 822 4502 XIX
841 4458 881 4504 m.
904 4435 961 4505 VI.

407 4540 593 4608 Hadrianus
615 4563 683 4629 reg.
707 4540 831 4608 a..XX

411 4649 506 4713 Illas
526 4647 713 4712 Autumnus
734 4649 930 4728 cognomento
953 4643 1036 4709 Pius
1057 4664 1120 4727 rep.
1143 4663 1174 4708 a
1190 4643 1304 4710 XXII
1321 4643 1478 4708 occasibus
1501 4643 1569 4711 III.

408 4751 535 4817 Marcus
561 4751 629 4816 Ant
615 4752 744 4816 toninus
769 4750 822 4836 qui
847 4754 881 4813 et
903 4748 1010 4812 Venis
1032 4748 1181 4833 regnavit
1203 4748 1293 4811 anuis
1316 4747 1432 4812 XVIII
1453 4768 1566 4812 mense
1589 4746 1614 4812 1.

410 4853 575 4920 Aurelius
591 4854 778 4921 Commodus
798 4874 861 4936 rap.
885 4873 915 4916 a.
934 4850 1036 4918 XIII.

363 4987 387 5026 ss
415 4959 575 5025 Hebidius
597 4959 754 5024 Pertinax
775 4977 843 5044 reg.
867 4977 909 5020 m.
926 4954 1001 5020 VII.

411 5064 552 5130 Severus
574 5084 665 5150 regn.
691 5085 740 5128 an.
755 5061 856 5128 XVII
878 5082 920 5126 m.
937 5059 1013 5125 VH.

409 5170 595 5236 Antoniano
621 5167 789 5235 Caracalla
811 5165 919 5234 Severi
939 5164 1029 5246 filius
1049 5185 1112 5249 rep.
1135 5185 1166 5229 a.
1189 5163 1265 5233 VII.

511 5397 588 5448 inser.
606 5395 808 5449 incoactiouoC
892 5389 1055 5460 lmousrim]
1074 5391 1170 5444 no'ium
1190 5392 1221 5444 C:
1245 5392 1387 5444 amandatio
1406 5391 1485 5443 dubia
1571 5389 1761 5445 basseratC
1845 5388 2061 5442 8iudioium0

409 5482 473 5536 aut
490 5483 583 5536 addidi
653 5481 687 5535 10
704 5485 847 5550 tcmporum
864 5479 967 5546 (eic)C
1031 5476 1183 5546 secuudum]
1202 5479 1288 5531 sadC
1373 5477 1405 5530 l'l
1423 5477 1592 5538 thiberiusC
1663 5476 1696 5530 18
1713 5477 1845 5529 luobasC
1910 5473 1946 5527 20
1963 5473 2061 5544 annus]

408 5587 476 5622 anno
495 5570 518 5621 0
601 5568 635 5622 22
652 5571 777 5623 thiberius
797 5568 819 5620 C
900 5565 933 5618 27
952 5569 1033 5620 abitus
1053 5568 1076 5619 0
1159 5565 1191 5619 31
1212 5563 1352 5633 [aldrianus
1371 5565 1400 5632 (a
1417 5567 1479 5618 aaa
1499 5565 1631 5632 mutuor)
1652 5565 1675 5616 0
1752 5562 1786 5615 32
1803 5564 1884 5615 tbitus
1901 5565 2024 5616 antonius
2044 5565 2069 5617 C

410 5654 445 5708 33
462 5657 582 5710 manchus
600 5657 720 5710 antonius
740 5657 763 5708 C
845 5651 880 5706 37
899 5655 1022 5706 antonius
1041 5653 1064 5705 C
