4634 6286
394 396 435 458 92
1098 385 1315 444 AVC'I'ARIVM
1335 386 1346 442 Ι

393 585 466 627 nam
492 564 663 629 tendentes
692 565 829 650 patriam
858 565 889 628 in
912 563 1037 627 ieiuniis
1060 571 1093 626 et
1117 563 1315 626 orationibus
1338 583 1430 626 sunm
1454 561 1716 626 commendantes
1740 563 1837 628 vitam
1872 565 2003 630 tandem
2027 587 2048 630 a

394 666 456 731 deo
479 669 585 732 vocati
614 675 806 754 receperunt
838 666 1023 732 mercedem
1046 666 1193 730 laborum
1218 687 1346 730 suorum
1378 673 1411 729 et
1440 666 1473 728 iu
1502 667 1566 730 suis
1590 685 1673 750 quae
1697 664 1948 733 aedificaverant
1972 691 2046 734 ora-

394 772 483 835 toriis
506 771 623 836 conditi
646 779 822 852 servantur,
846 771 1009 835 clarificati
1033 777 1066 834 et
1089 771 1235 835 celebres
1258 769 1393 834 assiduis
1416 770 1577 834 miraculis
1601 777 1634 833 et
1656 769 1688 832 in
1703 769 1807 854 gloria
1822 776 2043 840 resurrecturi.

357 873 514 940 3Beatus
542 882 652 940 autem
675 876 801 956 Gildas,
826 876 880 961 qui
913 881 946 939 et
968 874 1145 957 Gildasius,
1175 875 1278 938 honor
1301 880 1335 938 et
1357 873 1456 938 decus
1478 874 1584 958 gentis
1606 893 1685 938 suae
1709 873 1849 958 futurus,
1874 885 1907 942 et
1929 878 2000 964 ipse
2025 899 2045 943 a

392 979 458 1042 suis
484 979 671 1066 parentibus
697 979 796 1044 beato
825 979 962 1044 Hilduto
992 978 1127 1043 traditur
1155 977 1358 1043 imbuendus.
1413 978 1466 1063 qui
1494 977 1670 1063 suscipiens
1701 983 1845 1042 sanctum
1870 984 2039 1067 puemlum
2082 1009 2094 1047 s

392 1083 489 1146 sacris
517 1082 632 1146 litteris
660 1084 768 1168 coepit
794 1085 952 1148 instruere
982 1082 1087 1160 illum,
1112 1089 1145 1146 et
1166 1081 1280 1146 videns
1305 1101 1378 1145 eum
1402 1081 1524 1145 formae
1553 1082 1662 1167 specie
1694 1081 1873 1166 fulgentem
1897 1104 1935 1150 ac
1958 1085 2043 1150 libe·

391 1185 511 1250 ralibus
539 1184 652 1250 studiis
681 1187 908 1252 instantissime
936 1188 1095 1250 intentum
1123 1186 1265 1271 benigno
1294 1205 1404 1249 amore
1435 1184 1549 1249 dilexit
1577 1191 1610 1248 et
1638 1191 1764 1250 attento
1792 1187 1897 1252 strrdio
1927 1188 2045 1254 docere

394 1290 524 1354 curavit.
569 1289 686 1354 beatus
717 1290 813 1375 igitur
850 1289 962 1354 Gildas
1003 1288 1062 1353 sub
1096 1287 1264 1375 disciplina
1296 1289 1473 1373 magistrali
1501 1289 1533 1352 in
1562 1288 1673 1352 schola
1705 1287 1833 1355 divinae
1867 1293 2043 1379 scripturae

394 1400 427 1458 et
459 1394 640 1460 liberalium
672 1395 787 1458 artium
819 1395 1023 1470 constitutus,
1063 1395 1263 1480 conspiciens
1297 1394 1463 1479 utriusque
1499 1392 1677 1458 doctrinam
1712 1395 1901 1462 elocutionis
1931 1398 2045 1464 divinis

393 1500 516 1564 curavit
537 1501 640 1585 magis
664 1498 782 1563 erudiri
805 1498 968 1576 doctrinis,
993 1498 1111 1562 imitari
1127 1499 1260 1584 cupiens
1275 1498 1420 1584 speeiem
1437 1495 1564 1561 divinae
1581 1500 1875 1585 contemplationis,
1892 1502 2046 1568 deserens
2075 1529 2100 1567 n

393 1603 521 1668 omnino
545 1604 665 1668 famam
688 1605 848 1670 humanae
872 1604 1039 1691 opinionis,
1063 1602 1121 1667 sed
1144 1624 1249 1689 neque
1274 1604 1365 1688 sequi
1380 1602 1481 1667 voluit
1503 1601 1736 1687 ingenuitatem
1759 1625 1837 1669 suae
1854 1606 2042 1672 nobilitatis.

393 1711 468 1771 tunc
502 1707 624 1772 athleta
658 1707 775 1773 Ohristi
811 1715 844 1772 et
878 1707 1116 1772 strenuissimus
1150 1706 1243 1772 miles
1271 1707 1304 1770 in
1333 1706 1490 1770 coenobio
1519 1705 1642 1791 degens
1674 1707 1881 1775 obedientiae
1903 1713 2045 1798 suscepit

393 1828 483 1874 arma
516 1809 685 1876 fortissima
718 1812 923 1899 puerilesque
958 1810 1112 1875 deserens
1153 1829 1259 1874 mores
1298 1816 1440 1874 aetatem
1472 1809 1607 1874 floridae
1641 1811 1814 1876 iuventutis
1845 1815 1876 1878 in
1909 1814 2046 1880 formam

393 1914 554 1978 transtulit
576 1917 758 1980 senectutis.
804 1935 944 2000 namque
968 1936 1040 1979 cum
1064 1921 1151 1978 esset
1174 1914 1357 1999 primaevus
1380 1913 1413 1976 in
1436 1913 1580 1977 tirocinio
1597 1916 1720 1978 aeterni
1738 1918 1825 2001 regis
1841 1919 2044 2001 constitutus,

393 2015 535 2081 moribus
559 2017 719 2084 derelictis
741 2019 934 2083 iuvenilibus
957 2017 1095 2103 plurima
1118 2016 1313 2082 documenta
1337 2016 1486 2102 praebuit
1509 2024 1662 2082 aeternae
1686 2019 1798 2082 salutis
1821 2025 1887 2084 tem
1910 2021 2042 2086 senibus
2073 2045 2099 2084 ιι

393 2140 489 2205 quam
511 2122 690 2203 iuvenibus,
713 2124 878 2208 utriusque
902 2142 1098 2209 componens
1122 2141 1229 2185 mores
1252 2122 1378 2186 aetatis.
1424 2128 1495 2186 erat
1518 2142 1657 2207 namque
1673 2123 1833 2207 sapientia
1847 2125 2047 2211 praeclarus,

393 2231 523 2289 sanctae
551 2226 682 2291 lectioni
712 2227 872 2306 assiduus,
902 2226 1019 2312 vigiliis
1048 2231 1082 2289 et
1105 2224 1303 2289 orationibus
1326 2245 1456 2310 semper
1478 2223 1620 2304 deditus,
1651 2225 1807 2290 ineffabili
1830 2229 1964 2293 caritate
1987 2227 2046 2292 de-

392 2335 493 2406 votus,
516 2331 549 2394 in
572 2331 698 2395 actione
721 2331 887 2410 iucundus,
911 2329 1030 2395 decora
1053 2327 1135 2394 facie
1160 2334 1193 2392 et
1216 2334 1285 2393 toto
1308 2348 1442 2414 corpore
1459 2335 1623 2411 venustus,
1642 2331 1696 2415 qui
1712 2329 1831 2396 mundo
1851 2340 1922 2398 erat
1944 2333 2046 2398 eruci-

393 2431 477 2496 fixus
500 2439 534 2497 et
557 2434 588 2496 ei
610 2434 756 2499 mundus.
809 2436 841 2498 in
869 2434 979 2498 schola
1009 2434 1107 2518 igitur
1129 2453 1225 2518 supra
1249 2431 1324 2496 dicti
1347 2432 1487 2497 doctoris
1509 2431 1636 2498 Hilduti
1665 2433 1896 2502 erudiebantur
1917 2439 2046 2523 plurimi

392 2534 547 2599 nobilium
570 2535 636 2618 filii,
659 2538 743 2603 inter
766 2559 846 2624 quos
869 2537 1101 2624 praeclariores
1125 2544 1216 2601 erant
1240 2544 1307 2601 tam
1330 2538 1459 2622 generis
1482 2537 1650 2603 nobilitate
1674 2560 1770 2625 quarn
1787 2561 1911 2606 morum
1934 2542 2045 2628 probi·
2075 2565 2102 2604 ao

394 2645 461 2703 tate
486 2637 623 2704 Samson
646 2641 797 2705 videlicet
820 2647 917 2727 atque
942 2640 1076 2720 Paulus,
1101 2639 1160 2703 sed
1182 2639 1241 2704 hos
1265 2660 1394 2726 quoque
1417 2641 1498 2704 mira
1525 2641 1645 2726 ingenii
1669 2643 1848 2727 sagacitate
1872 2645 2048 2731 superabat

395 2743 507 2811 Gildas
529 2746 659 2810 beatus:
683 2769 726 2812 ex
750 2748 865 2833 quibus
887 2746 1022 2811 Samson
1037 2747 1254 2812 sanctissimus
1272 2752 1387 2832 postea
1402 2746 1629 2811 Britannorum
1647 2749 1754 2813 extitit
1774 2748 2046 2836 archiepiscopus,

357 2851 375 2908 4
395 2849 515 2914 Paulus
538 2872 615 2916 vero
640 2850 846 2916 Oxismorum
870 2851 1026 2916 ecclesiae
1049 2849 1189 2936 praefuit
1212 2851 1392 2936 episcopus.
1446 2849 1629 2916 Habitobat
1650 2859 1760 2916 autem
1783 2852 1949 2938 praefatus
1973 2851 2047 2915 Hil-

394 2951 489 3016 dutus
512 2974 584 3019 oum
608 2954 769 3041 discipulis
792 2955 857 3019 suis
879 2955 912 3018 iu
935 2953 1074 3039 quadarn
1097 2959 1168 3017 arta
1192 2960 1225 3017 et
1248 2961 1384 3039 angusta
1406 2954 1543 3019 insulula
1566 2961 1664 3042 atque
1681 2955 1785 3020 arenti
1803 2957 1872 3020 solo
1888 2954 2046 3042 squalida.

394 3055 437 3119 ad
460 3078 555 3143 quem
579 3057 631 3122 die
654 3058 794 3145 quadam
810 3057 968 3122 accedeus
984 3057 1099 3122 beatus
1120 3077 1202 3144 puer
1217 3056 1329 3121 Gildes
1352 3078 1426 3122 eum
1452 3059 1626 3143 alloquitur
1641 3057 1764 3123 dicens:
1789 3058 1907 3123 domne
1924 3057 2047 3140 doctor,
2075 3081 2101 3121 ss

394 3159 502 3226 audivi
525 3170 557 3227 te
581 3183 684 3249 nuper
706 3185 749 3227 ex
772 3162 942 3246 euangelio
967 3161 1067 3226 verba
1089 3161 1189 3225 nostri
1211 3161 1380 3226 salvatoris
1405 3162 1660 3248 praedicantem,
1684 3163 1717 3226 iu
1742 3163 1858 3248 quibus
1875 3162 2048 3250 discipulos

394 3266 600 3346 admonebat,
623 3274 659 3332 ut
682 3288 754 3332 cum
777 3266 840 3331 fide
864 3287 883 3330 a
907 3266 969 3330 deo
993 3286 1034 3330 ea
1056 3285 1139 3352 quae
1163 3264 1224 3329 sibi
1247 3271 1339 3329 erant
1354 3265 1446 3329 utilia
1461 3273 1626 3352 peterent,
1651 3273 1684 3330 et
1701 3268 1775 3352 quia
1790 3267 1930 3332 fideliter
1944 3269 2047 3354 petita

232 3387 300 3427 nare·
311 3387 344 3433 1².
352 3387 384 3427 ιι.
394 3373 556 3458 accepturi
579 3379 696 3448 essent,
722 3370 847 3435 dicens:
873 3377 978 3433 ‘amen
1001 3368 1073 3434 dieo
1097 3368 1199 3448 vobis,
1225 3368 1376 3455 quiequid
1400 3375 1529 3434 orantes
1553 3369 1721 3455 petieritis,
1746 3369 1868 3435 credite
1892 3371 1967 3456 quia
1993 3393 2048 3436 ac-

395 3476 541 3561 ‘cipietis,
565 3483 599 3540 et
618 3475 675 3540 fiet
689 3472 799 3539 vobis’.
845 3493 928 3537 nunc
953 3493 1042 3557 ergo,
1059 3473 1181 3558 optime
1198 3471 1320 3546 doctor,
1337 3493 1392 3536 cur
1408 3493 1472 3537 uon
1489 3494 1584 3558 rogas
1600 3474 1708 3560 ipsum
1724 3473 1888 3539 domiuum
1904 3482 2048 3540 uostmm

395 3577 503 3641 Iesum
530 3576 706 3659 Christum,
740 3577 794 3662 qui
825 3582 941 3662 potens
975 3581 1025 3639 est
1056 3580 1222 3660 praestare
1253 3582 1369 3640 cuncta
1400 3597 1483 3662 quae
1512 3576 1651 3642 fideliter
1679 3578 1720 3641 ab
1750 3598 1789 3642 eo
1820 3586 1989 3665 petuntur,
2012 3587 2048 3643 ut
2075 3601 2101 3641 ro

395 3681 509 3744 dilatet
546 3681 700 3745 terminos
735 3686 832 3765 atque
867 3679 1065 3744 fructiferam
1102 3678 1218 3743 reddet
1250 3678 1342 3743 huius
1379 3679 1503 3744 insulae
1536 3681 1688 3765 glebam?
1737 3703 1808 3745 cum
1837 3683 1918 3748 haee
1951 3685 2048 3770 igitur

394 3787 537 3851 audisset
558 3787 674 3851 beatus
696 3786 860 3866 Hildutus,
884 3785 1060 3850 admiratus
1083 3783 1181 3848 fidem
1203 3785 1302 3870 ipsius
1323 3786 1506 3850 convocatis
1528 3785 1561 3848 in
1577 3807 1674 3849 unum
1691 3785 1855 3872 discipulis
1871 3788 2047 3853 oratorium

395 3912 467 3956 enm
499 3892 546 3955 eis
572 3890 751 3977 ingreditur
783 3895 816 3954 et
845 3890 938 3953 flexis
964 3890 998 3952 in
1026 3894 1146 3953 terram
1175 3889 1311 3974 genibus
1341 3891 1547 3976 extensisque
1575 3890 1724 3955 manibus
1755 3891 1787 3955 in
1817 3875 1943 3958 eaelum
1974 3913 2046 3957 curn

395 3996 532 4060 lacrimis
564 3996 667 4061 oravit
695 3994 819 4059 dicens:
852 3993 980 4058 domine
1010 3991 1087 4057 Iesu
1115 3992 1258 4074 Christe,
1292 3993 1337 4058 iili
1366 3993 1418 4058 dei
1451 3995 1695 4081 omnipotentis,
1724 3995 1778 4080 qui
1802 4017 1874 4061 cum
1897 4003 1989 4083 patre
2014 4001 2047 4060 et

394 4101 507 4186 spiritu
538 4105 648 4164 sancto
679 4100 803 4164 caelum
836 4104 869 4162 et
901 4103 1036 4178 terram,
1070 4118 1158 4162 mare
1192 4103 1226 4162 et
1257 4098 1365 4162 omnia
1395 4117 1478 4184 quae
1501 4099 1534 4162 in
1557 4099 1603 4162 eis
1627 4104 1714 4178 sunt,
1745 4120 1818 4164 cum
1840 4121 1904 4165 non
1929 4107 2046 4182 essent,
2074 4122 2099 4162 ss

396 4203 578 4282 condidisti,
608 4204 726 4289 quique
755 4203 816 4267 tuis
843 4201 992 4266 fidelibus
1020 4201 1228 4287 praecepisti,
1259 4207 1294 4265 ut
1318 4201 1414 4266 deum
1438 4208 1563 4288 patrem
1593 4203 1625 4266 in
1656 4208 1711 4266 tuo
1744 4205 1873 4267 nomine
1895 4211 2047 4291 peterent

395 4307 545 4393 quicquid
578 4307 638 4371 sibi
673 4328 754 4393 opus
789 4312 876 4370 esset
907 4313 940 4369 et
974 4325 1086 4368 eornm
1115 4305 1229 4391 petitio
1261 4305 1303 4368 ad
1333 4305 1484 4370 effectum
1512 4306 1721 4392 procederet;
1755 4313 1809 4371 tuo
1840 4307 1991 4392 equidem
2015 4309 2046 4370 in

395 4413 523 4475 nomine
547 4411 774 4497 omnipotentis
797 4409 918 4475 domini
941 4410 1149 4495 imploramus
1171 4409 1388 4493 clementiam,
1412 4417 1447 4475 ut
1471 4410 1597 4474 dilatari
1622 4418 1735 4496 perte
1759 4412 1871 4476 iubeat
1893 4413 2048 4476 terminos

393 4515 516 4580 insulae
539 4515 632 4580 huius
655 4521 752 4600 atque
776 4513 975 4578 fertilitatem
997 4512 1114 4577 inferat
1136 4513 1254 4598 glebae
1279 4515 1359 4594 eius,
1376 4519 1411 4578 ut
1426 4514 1519 4578 nobis
1536 4515 1636 4579 servis
1656 4517 1717 4579 tuis
1736 4521 1834 4600 atque
1850 4516 2045 4580 successori-

394 4615 454 4683 bus
476 4621 591 4685 nostris
614 4627 669 4683 tua
692 4619 849 4704 largiente
872 4617 977 4702 gratia
1000 4616 1203 4681 abundanter
1226 4618 1346 4682 cibaria
1369 4617 1589 4698 administret,
1613 4624 1649 4682 ut
1672 4620 1780 4684 satiati
1804 4618 1844 4683 de
1868 4620 1931 4684 tuis
1955 4619 2047 4684 donis
2074 4642 2100 4682 so

394 4724 514 4808 gratias
537 4723 715 4788 referamus
738 4722 860 4786 nomini
882 4727 955 4802 tuo,
985 4722 1039 4807 qui
1070 4741 1142 4785 cum
1163 4727 1257 4808 patre
1282 4729 1315 4786 et
1338 4722 1451 4808 spiritu
1474 4727 1585 4787 sancto
1610 4723 1690 4786 vivis
1721 4728 1755 4786 et
1777 4743 1894 4807 regnas
1917 4742 1977 4810 per
2000 4723 2048 4786 in·

393 4827 483 4893 finite
514 4828 644 4892 saecula
677 4827 888 4891 saeculorum.
948 4845 1086 4911 cumque
1117 4825 1359 4910 respondissent
1394 4846 1505 4890 omnes
1542 4846 1653 4908 amen,
1684 4827 1807 4911 egressi
1835 4826 1877 4890 ab
1909 4827 2049 4891 oratorio

393 4931 504 4996 vident
535 4930 702 4996 dilatatam
736 4950 807 4994 esse
842 4929 983 5014 undique
1016 4929 1153 4992 insulam
1190 4934 1287 5014 atque
1317 4935 1506 4993 vernantem
1535 4930 1568 4993 iu
1601 4931 1733 4994 circuitu
1763 4928 1897 4994 diversis
1926 4929 2049 4993 olerum

394 5035 533 5101 floribus.
580 5043 654 5100 tuno
677 5035 793 5098 iterum
816 5034 989 5098 revertitur
1011 5031 1054 5096 ad
1084 5033 1258 5097 oratorium
1281 5033 1388 5096 senior
1411 5039 1444 5097 et
1467 5053 1545 5118 prae
1570 5033 1689 5117 gaudio
1713 5031 1832 5096 effusus
1855 5033 1887 5096 in
1909 5034 2048 5097 lacrimis

394 5162 457 5204 una
483 5162 555 5205 cum
583 5139 770 5205 venerando
799 5139 1025 5224 discipulorum
1054 5157 1156 5223 grege
1185 5137 1272 5201 clara
1294 5157 1376 5202 voce
1404 5137 1540 5222 hymnos
1562 5156 1769 5222 summasque
1796 5135 1910 5200 laudes
1938 5157 2046 5201 rerum
2074 5159 2100 5199 ss

395 5246 535 5310 omniurn
559 5245 697 5310 creatori
720 5243 850 5308 domino
874 5242 1035 5323 decantat,
1059 5242 1113 5328 qui
1136 5260 1238 5327 prope
1262 5238 1356 5305 adest
1380 5241 1528 5305 omnibus
1550 5240 1772 5305 invocantibus
1795 5260 1830 5304 se
1853 5240 2048 5305 inveritate.

357 5343 375 5402 5
394 5347 499 5434 Igitur
521 5349 701 5414 admirabili
717 5350 834 5415 virtute
851 5346 1020 5413 dilatatam
1036 5348 1098 5412 sibi
1120 5348 1256 5412 insulam
1273 5348 1381 5434 eoepit
1405 5348 1556 5413 excolere
1573 5349 1690 5429 senior,
1714 5354 1813 5433 atque
1836 5345 2046 5411 fecundandis

393 5452 558 5536 iugeribus
582 5453 732 5517 frumenti
756 5453 879 5515 semina
901 5451 1041 5516 tradere.
1089 5471 1225 5537 cumque
1249 5452 1431 5536 coepissent
1454 5452 1541 5515 laeta
1564 5451 1692 5536 frugum
1708 5453 1855 5535 germina
1876 5449 2044 5536 pullulare,

494 5677 528 5730 24
546 5677 670 5729 insulaB
772 5675 807 5728 25
824 5677 968 5729 dominedf
1071 5677 1105 5730 44
1123 5676 1166 5745 od]
1186 5679 1265 5730 abd!
1367 5677 1401 5730 4⁴3
1421 5678 1628 5730 inuocatibusdf
1729 5673 2008 5728 sirmondianam
