4598 6300
397 349 458 411 204
1014 345 1187 402 HISTORIA
1208 345 1428 401 BRI'I'TONVM

512 517 739 584 HISTORIA
762 517 977 584 BRITYON
979 519 1056 586 VM.

396 641 509 726 genuit
529 640 657 706 Pubba.

394 746 465 831 ipse
481 744 597 809 Pubba
612 744 726 809 habuit
741 743 912 809 duodecim
927 745 1019 826 filios,
1036 767 1171 830 quorum

440 847 503 912 duo
525 849 693 912 notitiores
717 849 793 912 mihi
816 854 889 913 sunt
911 869 1007 934 quam
1030 850 1094 932 alii,

395 949 430 1015 id
453 957 503 1015 est
524 950 639 1016 Penda

293 1137 296 1144 Ι
356 1074 368 1112 ε,
398 1059 432 1118 et
453 1053 525 1119 Eua

394 1157 504 1222 Eadlit
525 1157 608 1222 filius
630 1156 759 1222 Pantha

395 1260 509 1327 Penda
531 1259 614 1325 filius
637 1259 755 1325 Pubba

394 1363 557 1429 Kadlbald
578 1363 662 1428 filius
678 1363 829 1450 ‘Aiguing

394 1468 477 1532 filius
499 1466 571 1531 Eua

345 1593 370 1633 1⁰
396 1571 480 1635 filius
503 1569 616 1636 Penda

394 1673 479 1739 filius
502 1673 620 1738 Pubba

394 1774 529 1861 Ecgfrid
551 1775 635 1840 filius
658 1773 733 1840 Offa

393 1880 477 1944 filius
499 1879 684 1944 Duminfert

393 1983 476 2048 filius
498 1982 644 2048 Eandulf

342 2112 366 2150 ιι
394 2085 478 2151 filius
501 2086 615 2152 Oseulf

393 2190 476 2254 filius
497 2189 570 2254 Eua

393 2294 476 2358 filius
500 2293 629 2359 Pubba.

573 2481 624 2545 De
648 2482 779 2566 regibus
800 2481 993 2546 Deurorum.

342 2614 375 2668 61
394 2601 526 2665 Woden
549 2602 661 2685 genuit
683 2600 833 2688 Beldeyg

340 2729 368 2770 ιο
394 2704 506 2769 Brond
528 2705 639 2790 genuit
661 2703 779 2790 Siggar

392 2810 506 2892 genuit
528 2807 652 2872 Sebaid

393 2913 506 2996 genuit
529 2912 649 2997 Zoguli

394 3017 506 3102 genuit
529 3015 651 3081 Soomil

393 3121 464 3205 ipse
493 3121 614 3205 primus
646 3119 810 3205 separavit
836 3118 927 3183 Deur
957 3142 976 3185 0
1006 3120 1168 3185 Bimeich.

340 3243 365 3286 n
395 3223 518 3288 Soemil
541 3223 654 3309 genuit
675 3222 873 3308 Sguerthing

392 3328 505 3412 genuit
527 3326 666 3413 Giulglis

392 3433 504 3516 genuit
526 3431 666 3497 Usfrean

393 3536 506 3620 genuit
529 3535 580 3600 Iffi

394 3639 507 3723 genuit
528 3637 607 3720 Ulli,

340 3761 366 3800 so
392 3739 556 3826 Aedgum,

392 3843 499 3909 Osfird

392 3954 425 4012 et
447 3947 591 4014 Eadfird.

392 4051 455 4116 duo
486 4053 541 4117 filii
571 4051 701 4135 Edgum
732 4057 823 4115 erant
851 4056 978 4115 etcum
1001 4051 1072 4135 ipso
1095 4071 1165 4114 eor-

434 4161 567 4219 ruerunt
588 4157 622 4220 in
645 4155 731 4220 bello
754 4154 893 4237 Meieen,
917 4159 950 4218 et
973 4153 1014 4218 do
1043 4154 1166 4238 origine

339 4274 363 4315 ³⁵
435 4258 519 4323 illius
546 4279 721 4345 numquam
751 4259 903 4322 iteratum
941 4263 991 4321 est
1019 4277 1166 4343 regnum,

436 4363 511 4446 quia
538 4383 604 4426 non
632 4363 734 4426 evasit
761 4382 843 4425 unus
874 4360 915 4425 de
939 4380 1059 4445 genere
1081 4361 1167 4425 illius

436 4465 476 4529 de
499 4467 560 4530 isto
584 4466 683 4546 bello,
706 4464 765 4530 sed
787 4463 950 4529 interfecti
967 4484 1078 4529 omnes
1094 4469 1167 4528 sunt

435 4589 508 4634 cum
530 4570 586 4634 illo
610 4569 651 4634 ab
668 4570 814 4634 exercitu
833 4566 1060 4652 catguollauni
1079 4568 1167 4652 regis

434 4671 629 4738 Guendotae
651 4673 802 4757 regionis.

339 4793 365 4832 ⁴⁰
392 4775 517 4862 Osguid
540 4778 653 4861 genuit
674 4776 805 4862 Ecgfird

264 4911 267 4916 ·
390 4881 459 4966 ipse
484 4887 534 4945 est
556 4879 691 4966 Eogirid
714 4880 847 4965 Ailguin

390 4986 504 5070 genuit
527 4983 647 5050 Oslaeh

492 5245 553 5297 HK

490 5366 507 5418 2
526 5368 579 5434 ipse
599 5364 695 5434 pubba]
715 5368 770 5433 ipso
788 5383 875 5434 puppa
890 5364 922 5416 Η
986 5364 1003 5417 3
1022 5366 1084 5416 mihi
1102 5367 1238 5422 noticiores
1248 5366 1277 5417 K
1343 5365 1360 5418 6
1378 5363 1466 5432 eadlit]
1486 5367 1575 5418 endirit
1588 5365 1617 5418 K
1689 5365 1706 5418 8
1724 5367 1838 5419 eadlbalt
1851 5365 1891 5416 H:
1910 5362 2044 5414 Aedilbald

388 5471 455 5504 corr.
466 5453 577 5504 Kimmer
590 5470 619 5518 p.
634 5457 667 5504 72
737 5455 862 5520 alguinhc
874 5452 903 5503 K
1006 5451 1039 5504 10
1055 5454 1123 5505 iilius
1135 5450 1233 5519 Panda]
1252 5445 1330 5506 irater
1341 5454 1428 5505 Penda
1441 5471 1508 5505 corr.
1521 5453 1633 5506 Kimmer
1645 5453 1663 5506 l.
1673 5471 1693 5504 c.
1799 5451 1832 5504 13
1850 5449 2005 5502 duminierth
2019 5447 2048 5497 K

388 5539 421 5591 15
441 5539 541 5591 ossulfh
554 5539 585 5590 K
682 5538 715 5592 16
732 5555 797 5592 esua
810 5540 837 5590 K
941 5537 973 5590 17
990 5540 1078 5607 pupba
1090 5539 1120 5588 H
1224 5538 1257 5591 18
1275 5539 1336 5592 achi
1354 5539 1383 5590 in
1400 5542 1516 5607 marqim
1529 5538 1587 5604 Hb,
1606 5557 1655 5592 om.
1668 5538 1749 5590 11⁸1<
1849 5533 1883 5589 22
1901 5535 2005 5604 zegulssi
2019 5533 2049 5585 K

386 5624 421 5678 30
437 5627 551 5694 aedguin
564 5627 593 5676 K
694 5623 729 5678 34
747 5628 846 5678 ineieon
859 5625 889 5676 K
989 5623 1022 5676 37
1041 5633 1103 5678 sunt
1119 5643 1207 5678 omnes
1221 5627 1249 5676 K
