<?xml version="1.0" encoding="UTF-8"?>
<!DOCTYPE html PUBLIC "-//W3C//DTD XHTML 1.0 Transitional//EN"
    "http://www.w3.org/TR/xhtml1/DTD/xhtml1-transitional.dtd">
<html xmlns="http://www.w3.org/1999/xhtml" xml:lang="en" lang="en">
 <head>
  <title>
</title>
<meta http-equiv="Content-Type" content="text/html;charset=utf-8" />
  <meta name='ocr-system' content='tesseract 3.04.00' />
  <meta name='ocr-capabilities' content='ocr_page ocr_carea ocr_par ocr_line ocrx_word'/>
</head>
<body>
  <div class='ocr_page' id='page_1' title='image "./monumentagerman01mittgoog_0243.png"; bbox 0 0 4598 6300; ppageno 0'>
   <div class='ocr_carea' id='block_1_1' title="bbox 405 363 1291 441">
    <p class='ocr_par' dir='ltr' id='par_1_1' title="bbox 405 363 1291 441">
     <span class='ocr_line' id='line_1_1' title="bbox 405 363 1291 441; baseline -0.006 -18"><span class='ocrx_word' id='word_1_1' title='bbox 405 378 468 441; x_wconf 73' lang='lat'>223</span> <span class='ocrx_word' id='word_1_2' title='bbox 1171 363 1291 420; x_wconf 83' lang='grc'>00010</span> 
     </span>
    </p>
   </div>
   <div class='ocr_carea' id='block_1_2' title="bbox 405 539 2067 1267">
    <p class='ocr_par' dir='ltr' id='par_1_2' title="bbox 405 539 2067 1267">
     <span class='ocr_line' id='line_1_2' title="bbox 545 539 1345 628; baseline -0.013 -16"><span class='ocrx_word' id='word_1_3' title='bbox 545 544 663 628; x_wconf 80' lang='lat' dir='ltr'>pontif.</span> <span class='ocrx_word' id='word_1_4' title='bbox 686 544 776 622; x_wconf 88' lang='lat'>39,1</span> <span class='ocrx_word' id='word_1_5' title='bbox 1115 539 1234 622; x_wconf 73' lang='lat' dir='ltr'>potatis.</span> <span class='ocrx_word' id='word_1_6' title='bbox 1255 539 1345 618; x_wconf 85' lang='lat'>39,1</span> 
     </span>
     <span class='ocr_line' id='line_1_3' title="bbox 474 640 1921 724; baseline -0.009 -9"><span class='ocrx_word' id='word_1_7' title='bbox 474 651 647 715; x_wconf 83' lang='lat' dir='ltr'>secundum</span> <span class='ocrx_word' id='word_1_8' title='bbox 669 649 859 713; x_wconf 72' lang='lat' dir='ltr'>lacernam:</span> <span class='ocrx_word' id='word_1_9' title='bbox 1050 644 1223 710; x_wconf 79' lang='grc'>0000041000</span> <span class='ocrx_word' id='word_1_10' title='bbox 1238 642 1422 724; x_wconf 78' lang='lat' dir='ltr'>plerosque:</span> <span class='ocrx_word' id='word_1_11' title='bbox 1685 640 1778 706; x_wconf 77' lang='lat' dir='ltr'>Beda</span> <span class='ocrx_word' id='word_1_12' title='bbox 1800 663 1826 704; x_wconf 87' lang='grc'>0.</span> <span class='ocrx_word' id='word_1_13' title='bbox 1842 643 1921 704; x_wconf 71' lang='lat'>442:</span> 
     </span>
     <span class='ocr_line' id='line_1_4' title="bbox 456 762 2065 836; baseline -0.005 0"><span class='ocrx_word' id='word_1_14' title='bbox 456 771 534 836; x_wconf 84' lang='lat' dir='ltr'>fecit</span> <span class='ocrx_word' id='word_1_15' title='bbox 558 771 708 836; x_wconf 87' lang='lat' dir='ltr'>basilicas</span> <span class='ocrx_word' id='word_1_16' title='bbox 737 769 830 834; x_wconf 85' lang='lat' dir='ltr'>duas:</span> <span class='ocrx_word' id='word_1_17' title='bbox 859 788 924 832; x_wconf 91' lang='lat' dir='ltr'>una</span> <span class='ocrx_word' id='word_1_18' title='bbox 1021 767 1098 830; x_wconf 89' lang='lat' dir='ltr'>fecit</span> <span class='ocrx_word' id='word_1_19' title='bbox 1130 765 1281 829; x_wconf 88' lang='lat' dir='ltr'>basilicas</span> <span class='ocrx_word' id='word_1_20' title='bbox 1316 762 1396 828; x_wconf 89' lang='lat' dir='ltr'>duas</span> <span class='ocrx_word' id='word_1_21' title='bbox 1430 785 1493 826; x_wconf 93' lang='lat' dir='ltr'>una</span> <span class='ocrx_word' id='word_1_22' title='bbox 1589 763 1666 827; x_wconf 88' lang='grc'>10014</span> <span class='ocrx_word' id='word_1_23' title='bbox 1689 763 1856 827; x_wconf 77' lang='lat' dir='ltr'><strong>basilicam</strong></span> <span class='ocrx_word' id='word_1_24' title='bbox 1880 763 1971 826; x_wconf 89' lang='lat' dir='ltr'>iuxta</span> <span class='ocrx_word' id='word_1_25' title='bbox 1989 762 2065 828; x_wconf 88' lang='grc'>4110-</span> 
     </span>
     <span class='ocr_line' id='line_1_5' title="bbox 406 867 2067 940; baseline -0.006 0"><span class='ocrx_word' id='word_1_26' title='bbox 406 875 503 940; x_wconf 88' lang='lat' dir='ltr'>beato</span> <span class='ocrx_word' id='word_1_27' title='bbox 526 875 702 939; x_wconf 89' lang='lat' dir='ltr'>Laurentio</span> <span class='ocrx_word' id='word_1_28' title='bbox 731 875 822 937; x_wconf 86' lang='lat' dir='ltr'>iuxta</span> <span class='ocrx_word' id='word_1_29' title='bbox 851 872 923 936; x_wconf 89' lang='lat' dir='ltr'>the·</span> <span class='ocrx_word' id='word_1_30' title='bbox 977 872 1069 934; x_wconf 85' lang='lat' dir='ltr'>iuxta</span> <span class='ocrx_word' id='word_1_31' title='bbox 1093 869 1254 933; x_wconf 80' lang='lat' dir='ltr'>theatrum</span> <span class='ocrx_word' id='word_1_32' title='bbox 1279 873 1389 931; x_wconf 87' lang='lat' dir='ltr'>sancto</span> <span class='ocrx_word' id='word_1_33' title='bbox 1405 867 1491 931; x_wconf 90' lang='lat' dir='ltr'>Lau·</span> <span class='ocrx_word' id='word_1_34' title='bbox 1548 875 1651 931; x_wconf 91' lang='lat' dir='ltr'>atrum</span> <span class='ocrx_word' id='word_1_35' title='bbox 1682 873 1794 930; x_wconf 91' lang='lat' dir='ltr'>sancto</span> <span class='ocrx_word' id='word_1_36' title='bbox 1823 867 1999 931; x_wconf 89' lang='lat' dir='ltr'>Laurentio</span> <span class='ocrx_word' id='word_1_37' title='bbox 2031 873 2067 932; x_wconf 91' lang='lat' dir='ltr'>et</span> 
     </span>
     <span class='ocr_line' id='line_1_6' title="bbox 408 971 2066 1053; baseline -0.005 -11"><span class='ocrx_word' id='word_1_38' title='bbox 408 986 511 1043; x_wconf 85' lang='lat' dir='ltr'>atnnn</span> <span class='ocrx_word' id='word_1_39' title='bbox 536 985 570 1042; x_wconf 90' lang='lat' dir='ltr'>et</span> <span class='ocrx_word' id='word_1_40' title='bbox 595 979 659 1043; x_wconf 90' lang='lat' dir='ltr'>alia</span> <span class='ocrx_word' id='word_1_41' title='bbox 674 977 728 1040; x_wconf 85' lang='lat' dir='ltr'>ria</span> <span class='ocrx_word' id='word_1_42' title='bbox 742 974 922 1050; x_wconf 90' lang='lat' dir='ltr'>Ardiatina,</span> <span class='ocrx_word' id='word_1_43' title='bbox 975 974 1079 1039; x_wconf 91' lang='lat' dir='ltr'>rentio</span> <span class='ocrx_word' id='word_1_44' title='bbox 1114 978 1147 1036; x_wconf 91' lang='lat' dir='ltr'>et</span> <span class='ocrx_word' id='word_1_45' title='bbox 1178 973 1241 1035; x_wconf 89' lang='lat' dir='ltr'>alia</span> <span class='ocrx_word' id='word_1_46' title='bbox 1275 977 1308 1035; x_wconf 90' lang='lat' dir='ltr'>et</span> <span class='ocrx_word' id='word_1_47' title='bbox 1339 973 1371 1034; x_wconf 93' lang='lat' dir='ltr'>in</span> <span class='ocrx_word' id='word_1_48' title='bbox 1404 979 1492 1036; x_wconf 89' lang='grc'>0040-</span> <span class='ocrx_word' id='word_1_49' title='bbox 1546 971 1643 1034; x_wconf 86' lang='grc'>011010</span> <span class='ocrx_word' id='word_1_50' title='bbox 1679 972 1712 1034; x_wconf 89' lang='grc'>10</span> <span class='ocrx_word' id='word_1_51' title='bbox 1748 971 1972 1053; x_wconf 89' lang='lat' dir='ltr'>catacumbas,</span> <span class='ocrx_word' id='word_1_52' title='bbox 2007 971 2066 1034; x_wconf 93' lang='lat' dir='ltr'>ubi</span> 
     </span>
     <span class='ocr_line' id='line_1_7' title="bbox 405 1073 2050 1167; baseline -0.005 -20"><span class='ocrx_word' id='word_1_53' title='bbox 405 1082 461 1147; x_wconf 92' lang='lat' dir='ltr'>ubi</span> <span class='ocrx_word' id='word_1_54' title='bbox 493 1083 667 1167; x_wconf 91' lang='lat' dir='ltr'>requiescit</span> <span class='ocrx_word' id='word_1_55' title='bbox 702 1087 735 1144; x_wconf 92' lang='lat' dir='ltr'>et</span> <span class='ocrx_word' id='word_1_56' title='bbox 768 1079 800 1142; x_wconf 91' lang='lat' dir='ltr'>in</span> <span class='ocrx_word' id='word_1_57' title='bbox 835 1083 922 1142; x_wconf 86' lang='lat' dir='ltr'>cata·</span> <span class='ocrx_word' id='word_1_58' title='bbox 977 1078 1125 1158; x_wconf 88' lang='lat' dir='ltr'>cumbas,</span> <span class='ocrx_word' id='word_1_59' title='bbox 1149 1076 1205 1139; x_wconf 92' lang='lat' dir='ltr'>ubi</span> <span class='ocrx_word' id='word_1_60' title='bbox 1230 1075 1399 1139; x_wconf 90' lang='lat' dir='ltr'>iacuerunt</span> <span class='ocrx_word' id='word_1_61' title='bbox 1422 1095 1491 1138; x_wconf 92' lang='lat' dir='ltr'>cor·</span> <span class='ocrx_word' id='word_1_62' title='bbox 1557 1073 1745 1158; x_wconf 55' lang='lat' dir='ltr'>iacuerunt„⁸</span> <span class='ocrx_word' id='word_1_63' title='bbox 1763 1096 1899 1160; x_wconf 89' lang='lat' dir='ltr'>corpora</span> <span class='ocrx_word' id='word_1_64' title='bbox 1936 1081 2050 1138; x_wconf 86' lang='lat' dir='ltr'>sancta</span> 
     </span>
     <span class='ocr_line' id='line_1_8' title="bbox 406 1177 2065 1267; baseline -0.005 -16"><span class='ocrx_word' id='word_1_65' title='bbox 406 1185 554 1267; x_wconf 90' lang='lat' dir='ltr'>cumbas,</span> <span class='ocrx_word' id='word_1_66' title='bbox 583 1185 639 1249; x_wconf 93' lang='lat' dir='ltr'>ubi</span> <span class='ocrx_word' id='word_1_67' title='bbox 661 1186 830 1248; x_wconf 87' lang='lat' dir='ltr'>iacuerunt</span> <span class='ocrx_word' id='word_1_68' title='bbox 853 1202 923 1244; x_wconf 92' lang='lat' dir='ltr'>cor·</span> <span class='ocrx_word' id='word_1_69' title='bbox 976 1201 1057 1267; x_wconf 90' lang='lat' dir='ltr'>pora</span> <span class='ocrx_word' id='word_1_70' title='bbox 1074 1185 1256 1244; x_wconf 90' lang='lat' dir='ltr'>sanctorum</span> <span class='ocrx_word' id='word_1_71' title='bbox 1273 1177 1492 1262; x_wconf 87' lang='lat' dir='ltr'>apostolorum</span> <span class='ocrx_word' id='word_1_72' title='bbox 1546 1178 1765 1262; x_wconf 85' lang='lat' dir='ltr'>apostolorum</span> <span class='ocrx_word' id='word_1_73' title='bbox 1788 1178 1878 1242; x_wconf 88' lang='lat' dir='ltr'>Petri</span> <span class='ocrx_word' id='word_1_74' title='bbox 1901 1185 1934 1242; x_wconf 93' lang='lat' dir='ltr'>et</span> <span class='ocrx_word' id='word_1_75' title='bbox 1956 1178 2065 1242; x_wconf 90' lang='lat' dir='ltr'>Pauli.</span> 
     </span>
    </p>
   </div>
   <div class='ocr_carea' id='block_1_3' title="bbox 405 1281 1251 1458">
    <p class='ocr_par' dir='ltr' id='par_1_3' title="bbox 405 1281 1251 1458">
     <span class='ocr_line' id='line_1_9' title="bbox 405 1281 1251 1375; baseline -0.009 -22"><span class='ocrx_word' id='word_1_76' title='bbox 405 1308 488 1375; x_wconf 88' lang='lat' dir='ltr'>pora</span> <span class='ocrx_word' id='word_1_77' title='bbox 504 1296 688 1353; x_wconf 88' lang='lat' dir='ltr'>sanctorum</span> <span class='ocrx_word' id='word_1_78' title='bbox 704 1286 924 1373; x_wconf 88' lang='lat' dir='ltr'>apostolorum</span> <span class='ocrx_word' id='word_1_79' title='bbox 978 1284 1069 1348; x_wconf 88' lang='lat' dir='ltr'>Petri</span> <span class='ocrx_word' id='word_1_80' title='bbox 1093 1288 1127 1347; x_wconf 92' lang='lat' dir='ltr'>et</span> <span class='ocrx_word' id='word_1_81' title='bbox 1149 1281 1251 1346; x_wconf 91' lang='lat' dir='ltr'>Pauli.</span> 
     </span>
     <span class='ocr_line' id='line_1_10' title="bbox 405 1391 680 1458; baseline 0.007 -3"><span class='ocrx_word' id='word_1_82' title='bbox 405 1391 496 1456; x_wconf 90' lang='lat' dir='ltr'>Petri</span> <span class='ocrx_word' id='word_1_83' title='bbox 519 1397 552 1456; x_wconf 90' lang='lat' dir='ltr'>et</span> <span class='ocrx_word' id='word_1_84' title='bbox 575 1391 680 1458; x_wconf 90' lang='lat' dir='ltr'>Pauli.</span> 
     </span>
    </p>
   </div>
   <div class='ocr_carea' id='block_1_4' title="bbox 405 1523 2066 2755">
    <p class='ocr_par' dir='ltr' id='par_1_4' title="bbox 405 1523 2066 2232">
     <span class='ocr_line' id='line_1_11' title="bbox 407 1523 2065 1610; baseline -0.004 -17"><span class='ocrx_word' id='word_1_85' title='bbox 407 1527 560 1594; x_wconf 85' lang='lat' dir='ltr'>Getarum</span> <span class='ocrx_word' id='word_1_86' title='bbox 585 1549 658 1592; x_wconf 89' lang='lat' dir='ltr'>cum</span> <span class='ocrx_word' id='word_1_87' title='bbox 682 1526 774 1591; x_wconf 90' lang='lat' dir='ltr'>Beda</span> <span class='ocrx_word' id='word_1_88' title='bbox 795 1527 843 1590; x_wconf 82' lang='lat' dir='ltr'>vir</span> <span class='ocrx_word' id='word_1_89' title='bbox 866 1525 1068 1590; x_wconf 88' lang='lat' dir='ltr'>doctissimus</span> <span class='ocrx_word' id='word_1_90' title='bbox 1092 1545 1174 1610; x_wconf 90' lang='lat' dir='ltr'>quae</span> <span class='ocrx_word' id='word_1_91' title='bbox 1198 1545 1240 1588; x_wconf 90' lang='lat' dir='ltr'>ex</span> <span class='ocrx_word' id='word_1_92' title='bbox 1261 1524 1333 1587; x_wconf 90' lang='lat' dir='ltr'>vitis</span> <span class='ocrx_word' id='word_1_93' title='bbox 1355 1523 1541 1609; x_wconf 88' lang='lat' dir='ltr'>pontificum</span> <span class='ocrx_word' id='word_1_94' title='bbox 1566 1523 1728 1608; x_wconf 82' lang='lat' dir='ltr'>excerpsit</span> <span class='ocrx_word' id='word_1_95' title='bbox 1751 1523 1876 1608; x_wconf 92' lang='lat' dir='ltr'>scriptis</span> <span class='ocrx_word' id='word_1_96' title='bbox 1898 1525 2065 1608; x_wconf 80' lang='lat' dir='ltr'>incompte</span> 
     </span>
     <span class='ocr_line' id='line_1_12' title="bbox 406 1625 2063 1717; baseline -0.004 -20"><span class='ocrx_word' id='word_1_97' title='bbox 406 1639 440 1698; x_wconf 88' lang='lat' dir='ltr'>et</span> <span class='ocrx_word' id='word_1_98' title='bbox 462 1632 601 1696; x_wconf 89' lang='lat' dir='ltr'>barbare</span> <span class='ocrx_word' id='word_1_99' title='bbox 624 1633 816 1717; x_wconf 89' lang='lat' dir='ltr'>plerumque</span> <span class='ocrx_word' id='word_1_100' title='bbox 839 1651 903 1693; x_wconf 90' lang='lat' dir='ltr'>non</span> <span class='ocrx_word' id='word_1_101' title='bbox 926 1629 967 1694; x_wconf 90' lang='lat' dir='ltr'>ad</span> <span class='ocrx_word' id='word_1_102' title='bbox 989 1629 1123 1693; x_wconf 88' lang='lat' dir='ltr'>verbum</span> <span class='ocrx_word' id='word_1_103' title='bbox 1140 1627 1328 1708; x_wconf 87' lang='lat' dir='ltr'>reddiderit,</span> <span class='ocrx_word' id='word_1_104' title='bbox 1351 1632 1387 1690; x_wconf 89' lang='lat' dir='ltr'>ut</span> <span class='ocrx_word' id='word_1_105' title='bbox 1403 1627 1562 1691; x_wconf 90' lang='lat' dir='ltr'>Orosiana</span> <span class='ocrx_word' id='word_1_106' title='bbox 1577 1628 1715 1712; x_wconf 90' lang='lat' dir='ltr'>aliaque,</span> <span class='ocrx_word' id='word_1_107' title='bbox 1740 1625 1798 1690; x_wconf 90' lang='lat' dir='ltr'>sed</span> <span class='ocrx_word' id='word_1_108' title='bbox 1815 1646 1854 1690; x_wconf 89' lang='lat' dir='ltr'>ea</span> <span class='ocrx_word' id='word_1_109' title='bbox 1868 1629 2063 1708; x_wconf 78' lang='lat' dir='ltr'>retractant,</span> 
     </span>
     <span class='ocr_line' id='line_1_13' title="bbox 408 1729 2066 1817; baseline -0.004 -16"><span class='ocrx_word' id='word_1_110' title='bbox 408 1738 497 1802; x_wconf 88' lang='lat' dir='ltr'>crisis</span> <span class='ocrx_word' id='word_1_111' title='bbox 519 1738 656 1800; x_wconf 82' lang='lat' dir='ltr'>vitarum</span> <span class='ocrx_word' id='word_1_112' title='bbox 679 1735 807 1798; x_wconf 87' lang='lat' dir='ltr'>illarum</span> <span class='ocrx_word' id='word_1_113' title='bbox 830 1731 972 1796; x_wconf 90' lang='lat' dir='ltr'>Bedanis</span> <span class='ocrx_word' id='word_1_114' title='bbox 996 1732 1158 1817; x_wconf 81' lang='lat' dir='ltr'>excerptis</span> <span class='ocrx_word' id='word_1_115' title='bbox 1180 1751 1252 1794; x_wconf 90' lang='lat' dir='ltr'>raro</span> <span class='ocrx_word' id='word_1_116' title='bbox 1276 1729 1455 1794; x_wconf 81' lang='lat' dir='ltr'>adiuvatur.</span> <span class='ocrx_word' id='word_1_117' title='bbox 1503 1729 1639 1794; x_wconf 80' lang='lat' dir='ltr'>Honoric&#39;</span> <span class='ocrx_word' id='word_1_118' title='bbox 1661 1750 1779 1793; x_wconf 89' lang='lat' dir='ltr'>nomen</span> <span class='ocrx_word' id='word_1_119' title='bbox 1803 1738 1934 1815; x_wconf 88' lang='lat' dir='ltr'>propter</span> <span class='ocrx_word' id='word_1_120' title='bbox 1957 1733 2066 1794; x_wconf 90' lang='lat' dir='ltr'>locum</span> 
     </span>
     <span class='ocr_line' id='line_1_14' title="bbox 405 1832 2066 1923; baseline -0.004 -19"><span class='ocrx_word' id='word_1_121' title='bbox 405 1840 518 1905; x_wconf 90' lang='lat' dir='ltr'>Bedae</span> <span class='ocrx_word' id='word_1_122' title='bbox 542 1861 568 1904; x_wconf 92' lang='lat' dir='ltr'>c.</span> <span class='ocrx_word' id='word_1_123' title='bbox 586 1843 690 1919; x_wconf 85' lang='grc'>559,8</span> <span class='ocrx_word' id='word_1_124' title='bbox 715 1839 851 1902; x_wconf 88' lang='lat' dir='ltr'>fortasse</span> <span class='ocrx_word' id='word_1_125' title='bbox 883 1836 996 1923; x_wconf 85' lang='lat' dir='ltr'>pontif.</span> <span class='ocrx_word' id='word_1_126' title='bbox 1013 1839 1051 1900; x_wconf 85' lang='lat'>81</span> <span class='ocrx_word' id='word_1_127' title='bbox 1083 1833 1318 1899; x_wconf 88' lang='lat' dir='ltr'>restituendum</span> <span class='ocrx_word' id='word_1_128' title='bbox 1348 1841 1413 1908; x_wconf 89' lang='lat' dir='ltr'>est;</span> <span class='ocrx_word' id='word_1_129' title='bbox 1443 1833 1501 1897; x_wconf 91' lang='lat' dir='ltr'>sed</span> <span class='ocrx_word' id='word_1_130' title='bbox 1531 1841 1640 1919; x_wconf 90' lang='lat' dir='ltr'>potest</span> <span class='ocrx_word' id='word_1_131' title='bbox 1665 1832 1759 1897; x_wconf 90' lang='lat' dir='ltr'>Beda</span> <span class='ocrx_word' id='word_1_132' title='bbox 1784 1834 1818 1898; x_wconf 96' lang='lat' dir='ltr'>id</span> <span class='ocrx_word' id='word_1_133' title='bbox 1846 1833 2066 1921; x_wconf 81' lang='lat' dir='ltr'>adsumpsisse</span> 
     </span>
     <span class='ocr_line' id='line_1_15' title="bbox 407 1937 2066 2027; baseline -0.003 -19"><span class='ocrx_word' id='word_1_134' title='bbox 407 1945 485 2008; x_wconf 91' lang='lat' dir='ltr'>item</span> <span class='ocrx_word' id='word_1_135' title='bbox 515 1965 557 2007; x_wconf 92' lang='lat' dir='ltr'>ex</span> <span class='ocrx_word' id='word_1_136' title='bbox 584 1945 651 2006; x_wconf 84' lang='lat' dir='ltr'>vita</span> <span class='ocrx_word' id='word_1_137' title='bbox 678 1963 719 2006; x_wconf 89' lang='lat' dir='ltr'>ea</span> <span class='ocrx_word' id='word_1_138' title='bbox 748 1961 831 2027; x_wconf 90' lang='grc'>0000</span> <span class='ocrx_word' id='word_1_139' title='bbox 860 1942 1015 2026; x_wconf 83' lang='grc'>00001401.</span> <span class='ocrx_word' id='word_1_140' title='bbox 1068 1940 1130 2004; x_wconf 91' lang='lat' dir='ltr'>hoe</span> <span class='ocrx_word' id='word_1_141' title='bbox 1162 1939 1321 2016; x_wconf 87' lang='lat' dir='ltr'>notabile,</span> <span class='ocrx_word' id='word_1_142' title='bbox 1357 1938 1443 2023; x_wconf 93' lang='lat' dir='ltr'>quod</span> <span class='ocrx_word' id='word_1_143' title='bbox 1473 1939 1560 2023; x_wconf 91' lang='lat' dir='ltr'>regis</span> <span class='ocrx_word' id='word_1_144' title='bbox 1595 1937 1883 2023; x_wconf 80' lang='lat' dir='ltr'>Langobardorum</span> <span class='ocrx_word' id='word_1_145' title='bbox 1919 1939 2066 2024; x_wconf 88' lang='lat' dir='ltr'>Ariperti</span> 
     </span>
     <span class='ocr_line' id='line_1_16' title="bbox 405 2041 2064 2128; baseline -0.005 -17"><span class='ocrx_word' id='word_1_146' title='bbox 405 2068 523 2112; x_wconf 90' lang='lat' dir='ltr'>nomen</span> <span class='ocrx_word' id='word_1_147' title='bbox 539 2047 706 2110; x_wconf 84' lang='lat' dir='ltr'>inventum</span> <span class='ocrx_word' id='word_1_148' title='bbox 728 2045 774 2108; x_wconf 89' lang='lat' dir='ltr'>ita</span> <span class='ocrx_word' id='word_1_149' title='bbox 796 2045 829 2108; x_wconf 93' lang='lat' dir='ltr'>in</span> <span class='ocrx_word' id='word_1_150' title='bbox 844 2045 925 2108; x_wconf 92' lang='lat' dir='ltr'>libro</span> <span class='ocrx_word' id='word_1_151' title='bbox 942 2043 1117 2128; x_wconf 87' lang='lat' dir='ltr'>pontificali</span> <span class='ocrx_word' id='word_1_152' title='bbox 1133 2041 1226 2106; x_wconf 91' lang='lat' dir='ltr'>Beda</span> <span class='ocrx_word' id='word_1_153' title='bbox 1247 2042 1297 2105; x_wconf 93' lang='lat' dir='ltr'>bis</span> <span class='ocrx_word' id='word_1_154' title='bbox 1320 2062 1347 2106; x_wconf 93' lang='grc'>0.</span> <span class='ocrx_word' id='word_1_155' title='bbox 1365 2045 1437 2104; x_wconf 84' lang='grc'>575.</span> <span class='ocrx_word' id='word_1_156' title='bbox 1462 2046 1524 2106; x_wconf 86' lang='grc'>585</span> <span class='ocrx_word' id='word_1_157' title='bbox 1548 2042 1641 2105; x_wconf 87' lang='lat' dir='ltr'>aliter</span> <span class='ocrx_word' id='word_1_158' title='bbox 1664 2042 1813 2107; x_wconf 82' lang='lat' dir='ltr'>formavit</span> <span class='ocrx_word' id='word_1_159' title='bbox 1830 2042 2064 2119; x_wconf 80' lang='lat' dir='ltr'>Herebcrcclus,</span> 
     </span>
     <span class='ocr_line' id='line_1_17' title="bbox 406 2145 1515 2232; baseline -0.006 -18"><span class='ocrx_word' id='word_1_160' title='bbox 406 2152 529 2215; x_wconf 89' lang='grc'>00111004</span> <span class='ocrx_word' id='word_1_161' title='bbox 551 2152 687 2215; x_wconf 84' lang='lat' dir='ltr'>formam</span> <span class='ocrx_word' id='word_1_162' title='bbox 703 2146 959 2232; x_wconf 86' lang='lat' dir='ltr'>¹Langobardam</span> <span class='ocrx_word' id='word_1_163' title='bbox 989 2152 1117 2210; x_wconf 88' lang='lat' dir='ltr'>mutans</span> <span class='ocrx_word' id='word_1_164' title='bbox 1147 2146 1179 2208; x_wconf 92' lang='lat' dir='ltr'>in</span> <span class='ocrx_word' id='word_1_165' title='bbox 1208 2145 1515 2229; x_wconf 85' lang='lat' dir='ltr'>Anglosaxonicam.</span> 
     </span>
    </p>

    <p class='ocr_par' dir='ltr' id='par_1_5' title="bbox 532 2251 967 2339">
     <span class='ocr_line' id='line_1_18' title="bbox 532 2251 967 2339; baseline -0.016 -19"><span class='ocrx_word' id='word_1_166' title='bbox 532 2258 561 2320; x_wconf 89' lang='grc'>8.</span> <span class='ocrx_word' id='word_1_167' title='bbox 592 2253 741 2339; x_wconf 81' lang='lat' dir='ltr'>Eutropii</span> <span class='ocrx_word' id='word_1_168' title='bbox 762 2251 967 2315; x_wconf 82' lang='lat' dir='ltr'>breviarium.</span> 
     </span>
    </p>

    <p class='ocr_par' dir='ltr' id='par_1_6' title="bbox 531 2355 884 2424">
     <span class='ocr_line' id='line_1_19' title="bbox 531 2355 884 2424; baseline -0.017 0"><span class='ocrx_word' id='word_1_169' title='bbox 531 2362 562 2424; x_wconf 82' lang='lat'>9.</span> <span class='ocrx_word' id='word_1_170' title='bbox 592 2355 698 2422; x_wconf 89' lang='lat' dir='ltr'>Orosii</span> <span class='ocrx_word' id='word_1_171' title='bbox 721 2355 884 2418; x_wconf 85' lang='lat' dir='ltr'>historiae.</span> 
     </span>
    </p>

    <p class='ocr_par' dir='ltr' id='par_1_7' title="bbox 518 2456 1562 2542">
     <span class='ocr_line' id='line_1_20' title="bbox 518 2456 1562 2542; baseline -0.004 -18"><span class='ocrx_word' id='word_1_172' title='bbox 518 2467 564 2525; x_wconf 82' lang='lat' dir='ltr'>to.</span> <span class='ocrx_word' id='word_1_173' title='bbox 594 2459 711 2524; x_wconf 89' lang='lat' dir='ltr'>Gildae</span> <span class='ocrx_word' id='word_1_174' title='bbox 736 2459 777 2523; x_wconf 92' lang='lat' dir='ltr'>de</span> <span class='ocrx_word' id='word_1_175' title='bbox 802 2457 930 2522; x_wconf 85' lang='lat' dir='ltr'>excidio</span> <span class='ocrx_word' id='word_1_176' title='bbox 953 2456 1140 2520; x_wconf 87' lang='lat' dir='ltr'>Britanniae</span> <span class='ocrx_word' id='word_1_177' title='bbox 1163 2456 1291 2520; x_wconf 91' lang='lat' dir='ltr'>libellus</span> <span class='ocrx_word' id='word_1_178' title='bbox 1315 2457 1425 2540; x_wconf 85' lang='lat' dir='ltr'>(supra</span> <span class='ocrx_word' id='word_1_179' title='bbox 1447 2478 1479 2542; x_wconf 91' lang='lat' dir='ltr'>p.</span> <span class='ocrx_word' id='word_1_180' title='bbox 1497 2458 1562 2538; x_wconf 81' lang='lat'>21).</span> 
     </span>
    </p>

    <p class='ocr_par' dir='ltr' id='par_1_8' title="bbox 407 2549 2066 2755">
     <span class='ocr_line' id='line_1_21' title="bbox 516 2549 2066 2650; baseline 0.003 -23"><span class='ocrx_word' id='word_1_181' title='bbox 516 2549 563 2631; x_wconf 77' lang='lat' dir='ltr'>tl.</span> <span class='ocrx_word' id='word_1_182' title='bbox 595 2563 772 2626; x_wconf 87' lang='lat' dir='ltr'>Historiam</span> <span class='ocrx_word' id='word_1_183' title='bbox 794 2561 1012 2625; x_wconf 89' lang='lat' dir='ltr'>Britannicam</span> <span class='ocrx_word' id='word_1_184' title='bbox 1044 2561 1147 2624; x_wconf 85' lang='lat' dir='ltr'>forma</span> <span class='ocrx_word' id='word_1_185' title='bbox 1173 2561 1296 2624; x_wconf 85' lang='lat' dir='ltr'>scilicet</span> <span class='ocrx_word' id='word_1_186' title='bbox 1319 2560 1499 2647; x_wconf 87' lang='lat' dir='ltr'>antiquiore</span> <span class='ocrx_word' id='word_1_187' title='bbox 1522 2561 1600 2624; x_wconf 92' lang='lat' dir='ltr'>item</span> <span class='ocrx_word' id='word_1_188' title='bbox 1623 2582 1642 2624; x_wconf 90' lang='grc'>0</span> <span class='ocrx_word' id='word_1_189' title='bbox 1664 2561 1758 2626; x_wconf 93' lang='lat' dir='ltr'>Beda</span> <span class='ocrx_word' id='word_1_190' title='bbox 1780 2572 1966 2650; x_wconf 85' lang='lat' dir='ltr'>usurpatam</span> <span class='ocrx_word' id='word_1_191' title='bbox 1991 2587 2066 2632; x_wconf 88' lang='lat' dir='ltr'>esse</span> 
     </span>
     <span class='ocr_line' id='line_1_22' title="bbox 407 2664 911 2755; baseline -0.01 -22"><span class='ocrx_word' id='word_1_192' title='bbox 407 2690 559 2755; x_wconf 91' lang='lat' dir='ltr'>suprap.</span> <span class='ocrx_word' id='word_1_193' title='bbox 585 2672 653 2731; x_wconf 86' lang='grc'>115.</span> <span class='ocrx_word' id='word_1_194' title='bbox 681 2669 740 2730; x_wconf 78' lang='grc'>131</span> <span class='ocrx_word' id='word_1_195' title='bbox 764 2664 911 2730; x_wconf 82' lang='lat' dir='ltr'>vidimus.</span> 
     </span>
    </p>
   </div>
   <div class='ocr_carea' id='block_1_5' title="bbox 516 2785 1489 2872">
    <p class='ocr_par' dir='ltr' id='par_1_9' title="bbox 516 2785 1489 2872">
     <span class='ocr_line' id='line_1_23' title="bbox 516 2785 1489 2872; baseline -0.006 -18"><span class='ocrx_word' id='word_1_196' title='bbox 516 2793 562 2854; x_wconf 82' lang='lat'>12.</span> <span class='ocrx_word' id='word_1_197' title='bbox 593 2787 786 2872; x_wconf 86' lang='lat' dir='ltr'>Hieronymi</span> <span class='ocrx_word' id='word_1_198' title='bbox 809 2795 842 2851; x_wconf 90' lang='lat' dir='ltr'>ct</span> <span class='ocrx_word' id='word_1_199' title='bbox 866 2786 1026 2852; x_wconf 89' lang='lat' dir='ltr'>Gennadii</span> <span class='ocrx_word' id='word_1_200' title='bbox 1049 2786 1121 2850; x_wconf 91' lang='lat' dir='ltr'>libri</span> <span class='ocrx_word' id='word_1_201' title='bbox 1145 2785 1185 2850; x_wconf 88' lang='lat' dir='ltr'>de</span> <span class='ocrx_word' id='word_1_202' title='bbox 1208 2787 1282 2850; x_wconf 79' lang='lat' dir='ltr'>viris</span> <span class='ocrx_word' id='word_1_203' title='bbox 1305 2786 1489 2851; x_wconf 87' lang='lat' dir='ltr'>illustribus.</span> 
     </span>
    </p>
   </div>
   <div class='ocr_carea' id='block_1_6' title="bbox 401 2907 2070 4860">
    <p class='ocr_par' dir='ltr' id='par_1_10' title="bbox 401 2907 2070 4860">
     <span class='ocr_line' id='line_1_24' title="bbox 514 2907 2066 2998; baseline 0 -22"><span class='ocrx_word' id='word_1_204' title='bbox 514 2914 560 2976; x_wconf 86' lang='lat'>13.</span> <span class='ocrx_word' id='word_1_205' title='bbox 591 2907 761 2974; x_wconf 84' lang='lat' dir='ltr'>Accedunt</span> <span class='ocrx_word' id='word_1_206' title='bbox 787 2907 830 2972; x_wconf 88' lang='lat' dir='ltr'>ad</span> <span class='ocrx_word' id='word_1_207' title='bbox 861 2908 1011 2973; x_wconf 88' lang='lat' dir='ltr'>chronica</span> <span class='ocrx_word' id='word_1_208' title='bbox 1039 2908 1251 2994; x_wconf 90' lang='lat' dir='ltr'>historiasque</span> <span class='ocrx_word' id='word_1_209' title='bbox 1276 2909 1477 2994; x_wconf 82' lang='lat' dir='ltr'>vitatumque</span> <span class='ocrx_word' id='word_1_210' title='bbox 1510 2929 1645 2993; x_wconf 90' lang='lat' dir='ltr'>corpora</span> <span class='ocrx_word' id='word_1_211' title='bbox 1675 2909 1752 2974; x_wconf 89' lang='lat' dir='ltr'>data</span> <span class='ocrx_word' id='word_1_212' title='bbox 1788 2931 1889 2996; x_wconf 90' lang='lat' dir='ltr'>opera</span> <span class='ocrx_word' id='word_1_213' title='bbox 1920 2913 2066 2998; x_wconf 82' lang='lat' dir='ltr'>expilata</span> 
     </span>
     <span class='ocr_line' id='line_1_25' title="bbox 407 3013 2066 3099; baseline 0.002 -20"><span class='ocrx_word' id='word_1_214' title='bbox 407 3017 470 3080; x_wconf 90' lang='lat' dir='ltr'>alia</span> <span class='ocrx_word' id='word_1_215' title='bbox 507 3015 608 3078; x_wconf 89' lang='lat' dir='ltr'>multa</span> <span class='ocrx_word' id='word_1_216' title='bbox 646 3033 746 3098; x_wconf 88' lang='lat' dir='ltr'>opera</span> <span class='ocrx_word' id='word_1_217' title='bbox 783 3014 964 3098; x_wconf 87' lang='lat' dir='ltr'>argumenti</span> <span class='ocrx_word' id='word_1_218' title='bbox 1001 3013 1226 3094; x_wconf 85' lang='lat' dir='ltr'>ecclesiastici,</span> <span class='ocrx_word' id='word_1_219' title='bbox 1262 3014 1370 3098; x_wconf 89' lang='lat' dir='ltr'>qualia</span> <span class='ocrx_word' id='word_1_220' title='bbox 1408 3033 1447 3076; x_wconf 92' lang='lat' dir='ltr'>eo</span> <span class='ocrx_word' id='word_1_221' title='bbox 1484 3021 1630 3099; x_wconf 90' lang='lat' dir='ltr'>tempore</span> <span class='ocrx_word' id='word_1_222' title='bbox 1668 3015 1700 3078; x_wconf 93' lang='lat' dir='ltr'>in</span> <span class='ocrx_word' id='word_1_223' title='bbox 1737 3017 1938 3080; x_wconf 87' lang='lat' dir='ltr'>monasteriis</span> <span class='ocrx_word' id='word_1_224' title='bbox 1976 3024 2066 3082; x_wconf 89' lang='lat' dir='ltr'>recte</span> 
     </span>
     <span class='ocr_line' id='line_1_26' title="bbox 401 3117 2068 3206; baseline 0.001 -22"><span class='ocrx_word' id='word_1_225' title='bbox 401 3120 568 3184; x_wconf 83' lang='lat' dir='ltr'>instructis</span> <span class='ocrx_word' id='word_1_226' title='bbox 600 3117 826 3199; x_wconf 85' lang='lat' dir='ltr'>servabantur,</span> <span class='ocrx_word' id='word_1_227' title='bbox 856 3117 961 3182; x_wconf 89' lang='lat' dir='ltr'>obiter</span> <span class='ocrx_word' id='word_1_228' title='bbox 993 3118 1107 3198; x_wconf 91' lang='lat' dir='ltr'>citata,</span> <span class='ocrx_word' id='word_1_229' title='bbox 1137 3117 1260 3182; x_wconf 91' lang='lat' dir='ltr'>scilicet</span> <span class='ocrx_word' id='word_1_230' title='bbox 1289 3123 1420 3203; x_wconf 90' lang='lat' dir='ltr'>praeter</span> <span class='ocrx_word' id='word_1_231' title='bbox 1450 3118 1622 3204; x_wconf 87' lang='lat' dir='ltr'>scripturas</span> <span class='ocrx_word' id='word_1_232' title='bbox 1657 3139 1764 3182; x_wconf 88' lang='lat' dir='ltr'>sacras</span> <span class='ocrx_word' id='word_1_233' title='bbox 1799 3119 1931 3206; x_wconf 91' lang='lat' dir='ltr'>Iosephi</span> <span class='ocrx_word' id='word_1_234' title='bbox 1966 3141 2068 3206; x_wconf 93' lang='lat' dir='ltr'>opera</span> 
     </span>
     <span class='ocr_line' id='line_1_27' title="bbox 407 3220 2068 3308; baseline 0.001 -20"><span class='ocrx_word' id='word_1_235' title='bbox 407 3224 515 3288; x_wconf 91' lang='lat' dir='ltr'>omnia</span> <span class='ocrx_word' id='word_1_236' title='bbox 536 3222 653 3286; x_wconf 86' lang='lat' dir='ltr'>Latine</span> <span class='ocrx_word' id='word_1_237' title='bbox 677 3221 820 3302; x_wconf 90' lang='lat' dir='ltr'>reddita,</span> <span class='ocrx_word' id='word_1_238' title='bbox 843 3222 1053 3308; x_wconf 88' lang='lat' dir='ltr'>antiquitates</span> <span class='ocrx_word' id='word_1_239' title='bbox 1082 3221 1293 3308; x_wconf 70' lang='lat' dir='ltr'>(cilicet),</span> <span class='ocrx_word' id='word_1_240' title='bbox 1319 3221 1441 3285; x_wconf 90' lang='lat' dir='ltr'>bellum</span> <span class='ocrx_word' id='word_1_241' title='bbox 1469 3220 1636 3286; x_wconf 88' lang='lat' dir='ltr'>Iudaicum</span> <span class='ocrx_word' id='word_1_242' title='bbox 1666 3221 1709 3308; x_wconf 84' lang='lat' dir='ltr'>(c.</span> <span class='ocrx_word' id='word_1_243' title='bbox 1731 3224 1825 3306; x_wconf 78' lang='lat'>264),</span> <span class='ocrx_word' id='word_1_244' title='bbox 1853 3225 1926 3288; x_wconf 92' lang='lat' dir='ltr'>libri</span> <span class='ocrx_word' id='word_1_245' title='bbox 1955 3233 2068 3290; x_wconf 91' lang='lat' dir='ltr'>contra</span> 
     </span>
     <span class='ocr_line' id='line_1_28' title="bbox 406 3324 2068 3415; baseline 0.002 -24"><span class='ocrx_word' id='word_1_246' title='bbox 406 3327 568 3414; x_wconf 90' lang='lat' dir='ltr'>Apionem</span> <span class='ocrx_word' id='word_1_247' title='bbox 598 3325 640 3411; x_wconf 88' lang='lat' dir='ltr'>(c.</span> <span class='ocrx_word' id='word_1_248' title='bbox 667 3327 740 3410; x_wconf 83' lang='grc'>47);</span> <span class='ocrx_word' id='word_1_249' title='bbox 773 3325 908 3391; x_wconf 80' lang='grc'>11000111</span> <span class='ocrx_word' id='word_1_250' title='bbox 942 3325 1075 3390; x_wconf 85' lang='lat' dir='ltr'>historia</span> <span class='ocrx_word' id='word_1_251' title='bbox 1109 3325 1328 3389; x_wconf 87' lang='lat' dir='ltr'>ecclesiastica</span> <span class='ocrx_word' id='word_1_252' title='bbox 1362 3345 1381 3388; x_wconf 93' lang='lat' dir='ltr'>a</span> <span class='ocrx_word' id='word_1_253' title='bbox 1414 3324 1531 3389; x_wconf 87' lang='lat' dir='ltr'>Rufino</span> <span class='ocrx_word' id='word_1_254' title='bbox 1565 3345 1674 3400; x_wconf 82' lang='lat' dir='ltr'>versa3</span> <span class='ocrx_word' id='word_1_255' title='bbox 1709 3325 1901 3413; x_wconf 88' lang='lat' dir='ltr'>Hieronymi</span> <span class='ocrx_word' id='word_1_256' title='bbox 1936 3335 2068 3415; x_wconf 86' lang='lat' dir='ltr'>practer</span> 
     </span>
     <span class='ocr_line' id='line_1_29' title="bbox 407 3428 2066 3520; baseline 0.001 -24"><span class='ocrx_word' id='word_1_257' title='bbox 407 3433 527 3518; x_wconf 90' lang='lat' dir='ltr'>scripta</span> <span class='ocrx_word' id='word_1_258' title='bbox 542 3451 640 3517; x_wconf 90' lang='lat' dir='ltr'>supra</span> <span class='ocrx_word' id='word_1_259' title='bbox 656 3431 754 3494; x_wconf 87' lang='lat' dir='ltr'>citata</span> <span class='ocrx_word' id='word_1_260' title='bbox 771 3431 976 3516; x_wconf 88' lang='lat' dir='ltr'>quaestiones</span> <span class='ocrx_word' id='word_1_261' title='bbox 996 3430 1029 3493; x_wconf 93' lang='lat' dir='ltr'>in</span> <span class='ocrx_word' id='word_1_262' title='bbox 1041 3429 1194 3494; x_wconf 84' lang='lat' dir='ltr'>Genesim</span> <span class='ocrx_word' id='word_1_263' title='bbox 1211 3428 1254 3514; x_wconf 82' lang='grc'>(0.</span> <span class='ocrx_word' id='word_1_264' title='bbox 1271 3433 1334 3512; x_wconf 83' lang='grc'>17),</span> <span class='ocrx_word' id='word_1_265' title='bbox 1351 3430 1600 3494; x_wconf 89' lang='lat' dir='ltr'>commentarius</span> <span class='ocrx_word' id='word_1_266' title='bbox 1615 3431 1648 3493; x_wconf 93' lang='lat' dir='ltr'>in</span> <span class='ocrx_word' id='word_1_267' title='bbox 1661 3430 1832 3496; x_wconf 86' lang='lat' dir='ltr'>Danielem</span> <span class='ocrx_word' id='word_1_268' title='bbox 1845 3435 1887 3518; x_wconf 90' lang='lat' dir='ltr'>(c.</span> <span class='ocrx_word' id='word_1_269' title='bbox 1907 3438 1963 3496; x_wconf 85' lang='grc'>150</span> <span class='ocrx_word' id='word_1_270' title='bbox 1976 3433 2066 3520; x_wconf 86' lang='grc'>004,),</span> 
     </span>
     <span class='ocr_line' id='line_1_30' title="bbox 406 3532 2069 3620; baseline 0.001 -20"><span class='ocrx_word' id='word_1_271' title='bbox 406 3536 479 3600; x_wconf 87' lang='lat' dir='ltr'>libri</span> <span class='ocrx_word' id='word_1_272' title='bbox 514 3535 669 3599; x_wconf 86' lang='lat' dir='ltr'>adversus</span> <span class='ocrx_word' id='word_1_273' title='bbox 703 3534 904 3599; x_wconf 88' lang='lat' dir='ltr'>Iovinianum</span> <span class='ocrx_word' id='word_1_274' title='bbox 933 3538 974 3617; x_wconf 82' lang='grc'>(0.</span> <span class='ocrx_word' id='word_1_275' title='bbox 996 3532 1090 3617; x_wconf 85' lang='grc'>303);</span> <span class='ocrx_word' id='word_1_276' title='bbox 1125 3533 1298 3618; x_wconf 83' lang='lat' dir='ltr'>Augustini</span> <span class='ocrx_word' id='word_1_277' title='bbox 1323 3533 1397 3598; x_wconf 91' lang='lat' dir='ltr'>libri</span> <span class='ocrx_word' id='word_1_278' title='bbox 1431 3533 1471 3598; x_wconf 91' lang='lat' dir='ltr'>de</span> <span class='ocrx_word' id='word_1_279' title='bbox 1503 3534 1632 3598; x_wconf 87' lang='lat' dir='ltr'>civitate</span> <span class='ocrx_word' id='word_1_280' title='bbox 1662 3534 1715 3598; x_wconf 92' lang='lat' dir='ltr'>dei</span> <span class='ocrx_word' id='word_1_281' title='bbox 1743 3539 1784 3616; x_wconf 83' lang='lat' dir='ltr'>(c.</span> <span class='ocrx_word' id='word_1_282' title='bbox 1806 3541 1842 3599; x_wconf 89' lang='grc'>15</span> <span class='ocrx_word' id='word_1_283' title='bbox 1860 3537 1936 3620; x_wconf 89' lang='grc'>004.)</span> <span class='ocrx_word' id='word_1_284' title='bbox 1965 3543 1999 3601; x_wconf 91' lang='grc'>04</span> <span class='ocrx_word' id='word_1_285' title='bbox 2031 3545 2069 3602; x_wconf 89' lang='grc'>04</span> 
     </span>
     <span class='ocr_line' id='line_1_31' title="bbox 407 3636 2069 3726; baseline 0.002 -24"><span class='ocrx_word' id='word_1_286' title='bbox 407 3638 534 3703; x_wconf 91' lang='lat' dir='ltr'>videtur</span> <span class='ocrx_word' id='word_1_287' title='bbox 562 3643 673 3703; x_wconf 89' lang='lat' dir='ltr'>contra</span> <span class='ocrx_word' id='word_1_288' title='bbox 700 3636 855 3706; x_wconf 81' lang='lat' dir='ltr'>Faustum</span> <span class='ocrx_word' id='word_1_289' title='bbox 879 3637 919 3722; x_wconf 91' lang='lat' dir='ltr'>(e.</span> <span class='ocrx_word' id='word_1_290' title='bbox 938 3637 1011 3721; x_wconf 76' lang='grc'>10);</span> <span class='ocrx_word' id='word_1_291' title='bbox 1041 3636 1177 3700; x_wconf 90' lang='lat' dir='ltr'>Amobii</span> <span class='ocrx_word' id='word_1_292' title='bbox 1204 3637 1336 3701; x_wconf 92' lang='lat' dir='ltr'>iunioris</span> <span class='ocrx_word' id='word_1_293' title='bbox 1360 3638 1519 3724; x_wconf 86' lang='lat' dir='ltr'>expositio</span> <span class='ocrx_word' id='word_1_294' title='bbox 1542 3639 1739 3723; x_wconf 90' lang='lat' dir='ltr'>psalmorum</span> <span class='ocrx_word' id='word_1_295' title='bbox 1762 3638 1804 3724; x_wconf 82' lang='grc'>(0.</span> <span class='ocrx_word' id='word_1_296' title='bbox 1822 3640 1893 3724; x_wconf 81' lang='lat'>26);</span> <span class='ocrx_word' id='word_1_297' title='bbox 1917 3639 2069 3726; x_wconf 83' lang='lat' dir='ltr'>Gregorii</span> 
     </span>
     <span class='ocr_line' id='line_1_32' title="bbox 408 3737 2068 3827; baseline 0.003 -21"><span class='ocrx_word' id='word_1_298' title='bbox 408 3743 517 3826; x_wconf 90' lang='lat' dir='ltr'>magni</span> <span class='ocrx_word' id='word_1_299' title='bbox 542 3742 663 3826; x_wconf 91' lang='lat' dir='ltr'>dialogi</span> <span class='ocrx_word' id='word_1_300' title='bbox 687 3740 727 3827; x_wconf 86' lang='lat' dir='ltr'>(c.</span> <span class='ocrx_word' id='word_1_301' title='bbox 750 3745 812 3805; x_wconf 80' lang='lat'>510</span> <span class='ocrx_word' id='word_1_302' title='bbox 826 3743 903 3826; x_wconf 91' lang='grc'>004.)</span> <span class='ocrx_word' id='word_1_303' title='bbox 928 3748 962 3805; x_wconf 87' lang='grc'>04</span> <span class='ocrx_word' id='word_1_304' title='bbox 984 3741 1119 3804; x_wconf 91' lang='lat' dir='ltr'>moralia</span> <span class='ocrx_word' id='word_1_305' title='bbox 1142 3737 1184 3825; x_wconf 87' lang='lat' dir='ltr'>(c.</span> <span class='ocrx_word' id='word_1_306' title='bbox 1205 3739 1290 3812; x_wconf 77' lang='grc'>526).</span> <span class='ocrx_word' id='word_1_307' title='bbox 1337 3739 1495 3805; x_wconf 90' lang='lat' dir='ltr'>accedunt</span> <span class='ocrx_word' id='word_1_308' title='bbox 1517 3742 1642 3805; x_wconf 90' lang='lat' dir='ltr'>minora</span> <span class='ocrx_word' id='word_1_309' title='bbox 1665 3743 1790 3806; x_wconf 91' lang='lat' dir='ltr'>Paulini</span> <span class='ocrx_word' id='word_1_310' title='bbox 1814 3745 1880 3809; x_wconf 83' lang='lat' dir='ltr'>rita</span> <span class='ocrx_word' id='word_1_311' title='bbox 1903 3745 2068 3811; x_wconf 84' lang='lat' dir='ltr'>Ambrosii</span> 
     </span>
     <span class='ocr_line' id='line_1_33' title="bbox 408 3843 2070 3933; baseline 0.003 -25"><span class='ocrx_word' id='word_1_312' title='bbox 408 3843 450 3930; x_wconf 90' lang='lat' dir='ltr'>(c.</span> <span class='ocrx_word' id='word_1_313' title='bbox 468 3847 556 3926; x_wconf 88' lang='grc'>458),</span> <span class='ocrx_word' id='word_1_314' title='bbox 587 3844 726 3910; x_wconf 91' lang='lat' dir='ltr'>Possidii</span> <span class='ocrx_word' id='word_1_315' title='bbox 756 3845 823 3908; x_wconf 82' lang='lat' dir='ltr'>vita</span> <span class='ocrx_word' id='word_1_316' title='bbox 849 3844 1024 3930; x_wconf 89' lang='lat' dir='ltr'>Augustini</span> <span class='ocrx_word' id='word_1_317' title='bbox 1053 3843 1198 3931; x_wconf 82' lang='grc'>(0480),</span> <span class='ocrx_word' id='word_1_318' title='bbox 1222 3845 1289 3908; x_wconf 84' lang='lat' dir='ltr'>vita</span> <span class='ocrx_word' id='word_1_319' title='bbox 1312 3844 1467 3909; x_wconf 81' lang='lat' dir='ltr'>Germani</span> <span class='ocrx_word' id='word_1_320' title='bbox 1495 3844 1787 3910; x_wconf 86' lang='lat' dir='ltr'>Autissiodorensis</span> <span class='ocrx_word' id='word_1_321' title='bbox 1811 3851 1852 3930; x_wconf 90' lang='lat' dir='ltr'>(c.</span> <span class='ocrx_word' id='word_1_322' title='bbox 1876 3848 1969 3933; x_wconf 83' lang='grc'>491),</span> <span class='ocrx_word' id='word_1_323' title='bbox 2001 3849 2070 3913; x_wconf 84' lang='lat' dir='ltr'>vita</span> 
     </span>
     <span class='ocr_line' id='line_1_34' title="bbox 407 3946 2068 4033; baseline 0.004 -21"><span class='ocrx_word' id='word_1_324' title='bbox 407 3948 572 4012; x_wconf 88' lang='lat' dir='ltr'>Anastasii</span> <span class='ocrx_word' id='word_1_325' title='bbox 602 3948 722 4012; x_wconf 86' lang='lat' dir='ltr'>Persae</span> <span class='ocrx_word' id='word_1_326' title='bbox 752 3948 793 4012; x_wconf 90' lang='lat' dir='ltr'>ab</span> <span class='ocrx_word' id='word_1_327' title='bbox 823 3949 893 4033; x_wconf 91' lang='lat' dir='ltr'>ipso</span> <span class='ocrx_word' id='word_1_328' title='bbox 919 3947 1013 4011; x_wconf 92' lang='lat' dir='ltr'>Beda</span> <span class='ocrx_word' id='word_1_329' title='bbox 1038 3949 1200 4011; x_wconf 88' lang='lat' dir='ltr'>recensita</span> <span class='ocrx_word' id='word_1_330' title='bbox 1229 3946 1271 4032; x_wconf 82' lang='grc'>(0.</span> <span class='ocrx_word' id='word_1_331' title='bbox 1289 3950 1360 4011; x_wconf 83' lang='grc'>537.</span> <span class='ocrx_word' id='word_1_332' title='bbox 1385 3951 1446 4012; x_wconf 86' lang='grc'>539</span> <span class='ocrx_word' id='word_1_333' title='bbox 1479 3969 1549 4012; x_wconf 93' lang='lat' dir='ltr'>cum</span> <span class='ocrx_word' id='word_1_334' title='bbox 1579 3947 1684 4032; x_wconf 86' lang='lat' dir='ltr'>adn),</span> <span class='ocrx_word' id='word_1_335' title='bbox 1717 3951 1830 4014; x_wconf 90' lang='lat' dir='ltr'>relatio</span> <span class='ocrx_word' id='word_1_336' title='bbox 1861 3949 1995 4017; x_wconf 90' lang='lat' dir='ltr'>Luciani</span> <span class='ocrx_word' id='word_1_337' title='bbox 2026 3953 2068 4019; x_wconf 89' lang='lat' dir='ltr'>de</span> 
     </span>
     <span class='ocr_line' id='line_1_35' title="bbox 409 4049 2065 4139; baseline 0.004 -25"><span class='ocrx_word' id='word_1_338' title='bbox 409 4049 566 4137; x_wconf 82' lang='lat' dir='ltr'>Stephani</span> <span class='ocrx_word' id='word_1_339' title='bbox 582 4052 825 4138; x_wconf 81' lang='lat' dir='ltr'>protomartyris</span> <span class='ocrx_word' id='word_1_340' title='bbox 840 4051 983 4136; x_wconf 86' lang='lat' dir='ltr'>reliquiis</span> <span class='ocrx_word' id='word_1_341' title='bbox 999 4051 1139 4115; x_wconf 82' lang='lat' dir='ltr'>inventis</span> <span class='ocrx_word' id='word_1_342' title='bbox 1155 4049 1196 4135; x_wconf 90' lang='lat' dir='ltr'>(c.</span> <span class='ocrx_word' id='word_1_343' title='bbox 1213 4049 1300 4134; x_wconf 82' lang='grc'>470).</span> <span class='ocrx_word' id='word_1_344' title='bbox 1335 4051 1380 4114; x_wconf 86' lang='grc'>140</span> <span class='ocrx_word' id='word_1_345' title='bbox 1396 4050 1570 4115; x_wconf 90' lang='lat' dir='ltr'>admodum</span> <span class='ocrx_word' id='word_1_346' title='bbox 1586 4071 1689 4137; x_wconf 88' lang='lat' dir='ltr'>pauca</span> <span class='ocrx_word' id='word_1_347' title='bbox 1705 4057 1828 4116; x_wconf 82' lang='lat' dir='ltr'>restant</span> <span class='ocrx_word' id='word_1_348' title='bbox 1840 4054 1926 4139; x_wconf 89' lang='lat' dir='ltr'>apud</span> <span class='ocrx_word' id='word_1_349' title='bbox 1939 4055 2065 4122; x_wconf 91' lang='lat' dir='ltr'>Bedam</span> 
     </span>
     <span class='ocr_line' id='line_1_36' title="bbox 408 4153 2067 4244; baseline 0.004 -26"><span class='ocrx_word' id='word_1_350' title='bbox 408 4155 551 4218; x_wconf 88' lang='lat' dir='ltr'>carentia</span> <span class='ocrx_word' id='word_1_351' title='bbox 579 4154 769 4218; x_wconf 86' lang='lat' dir='ltr'>auctoritate</span> <span class='ocrx_word' id='word_1_352' title='bbox 798 4173 881 4239; x_wconf 89' lang='lat' dir='ltr'>quae</span> <span class='ocrx_word' id='word_1_353' title='bbox 909 4153 1015 4218; x_wconf 90' lang='lat' dir='ltr'>adhuc</span> <span class='ocrx_word' id='word_1_354' title='bbox 1044 4159 1152 4234; x_wconf 83' lang='lat' dir='ltr'>extet,</span> <span class='ocrx_word' id='word_1_355' title='bbox 1177 4153 1281 4238; x_wconf 85' lang='lat' dir='ltr'>qualis</span> <span class='ocrx_word' id='word_1_356' title='bbox 1308 4159 1357 4217; x_wconf 88' lang='lat' dir='ltr'>cst</span> <span class='ocrx_word' id='word_1_357' title='bbox 1378 4153 1530 4218; x_wconf 91' lang='lat' dir='ltr'>indicatio</span> <span class='ocrx_word' id='word_1_358' title='bbox 1553 4175 1580 4218; x_wconf 91' lang='grc'>0.</span> <span class='ocrx_word' id='word_1_359' title='bbox 1596 4157 1658 4218; x_wconf 83' lang='grc'>307</span> <span class='ocrx_word' id='word_1_360' title='bbox 1682 4155 1860 4222; x_wconf 89' lang='lat' dir='ltr'>Iohannem</span> <span class='ocrx_word' id='word_1_361' title='bbox 1883 4160 2067 4244; x_wconf 88' lang='lat' dir='ltr'>apostolum</span> 
     </span>
     <span class='ocr_line' id='line_1_37' title="bbox 409 4256 2068 4344; baseline 0.004 -22"><span class='ocrx_word' id='word_1_362' title='bbox 409 4263 570 4322; x_wconf 86' lang='lat' dir='ltr'>mortuum</span> <span class='ocrx_word' id='word_1_363' title='bbox 594 4277 665 4320; x_wconf 90' lang='lat' dir='ltr'>esse</span> <span class='ocrx_word' id='word_1_364' title='bbox 689 4277 790 4320; x_wconf 90' lang='lat' dir='ltr'>annos</span> <span class='ocrx_word' id='word_1_365' title='bbox 813 4264 923 4321; x_wconf 88' lang='lat' dir='ltr'>natum</span> <span class='ocrx_word' id='word_1_366' title='bbox 939 4256 1094 4322; x_wconf 75' lang='lat' dir='ltr'><strong>XCVIII.</strong></span> <span class='ocrx_word' id='word_1_367' title='bbox 1140 4257 1218 4320; x_wconf 89' lang='lat' dir='ltr'>item</span> <span class='ocrx_word' id='word_1_368' title='bbox 1242 4278 1326 4342; x_wconf 90' lang='lat' dir='ltr'>quae</span> <span class='ocrx_word' id='word_1_369' title='bbox 1350 4257 1450 4321; x_wconf 91' lang='lat' dir='ltr'>habet</span> <span class='ocrx_word' id='word_1_370' title='bbox 1474 4278 1501 4322; x_wconf 91' lang='lat' dir='ltr'>c.</span> <span class='ocrx_word' id='word_1_371' title='bbox 1524 4260 1604 4322; x_wconf 83' lang='lat'><strong>368:</strong></span> <span class='ocrx_word' id='word_1_372' title='bbox 1630 4257 1776 4339; x_wconf 78' lang='grc'>00100000</span> <span class='ocrx_word' id='word_1_373' title='bbox 1798 4262 1950 4326; x_wconf 73' lang='grc'>0010000400</span> <span class='ocrx_word' id='word_1_374' title='bbox 1971 4283 2068 4344; x_wconf 85' lang='grc'>0000-</span> 
     </span>
     <span class='ocr_line' id='line_1_38' title="bbox 408 4359 2068 4442; baseline 0.003 -16"><span class='ocrx_word' id='word_1_375' title='bbox 408 4363 483 4426; x_wconf 85' lang='lat' dir='ltr'>dom</span> <span class='ocrx_word' id='word_1_376' title='bbox 516 4360 640 4426; x_wconf 80' lang='grc'>0010000</span> <span class='ocrx_word' id='word_1_377' title='bbox 663 4360 843 4442; x_wconf 52' lang='lat' dir='ltr'>&amp;aarum</span> <span class='ocrx_word' id='word_1_378' title='bbox 865 4360 1103 4442; x_wconf 78' lang='lat' dir='ltr'>philosophum,</span> <span class='ocrx_word' id='word_1_379' title='bbox 1132 4362 1188 4442; x_wconf 84' lang='lat' dir='ltr'>qui</span> <span class='ocrx_word' id='word_1_380' title='bbox 1217 4366 1327 4425; x_wconf 80' lang='grc'>000400</span> <span class='ocrx_word' id='word_1_381' title='bbox 1354 4381 1411 4425; x_wconf 80' lang='lat' dir='ltr'>cos</span> <span class='ocrx_word' id='word_1_382' title='bbox 1433 4359 1528 4425; x_wconf 75' lang='lat' dir='ltr'>libros</span> <span class='ocrx_word' id='word_1_383' title='bbox 1550 4363 1788 4442; x_wconf 67' lang='lat' dir='ltr'>ccasmipscrut,</span> <span class='ocrx_word' id='word_1_384' title='bbox 1813 4370 1878 4429; x_wconf 87' lang='grc'>0040</span> <span class='ocrx_word' id='word_1_385' title='bbox 1900 4365 2068 4431; x_wconf 76' lang='grc'>001001101-</span> 
     </span>
     <span class='ocr_line' id='line_1_39' title="bbox 408 4463 2069 4546; baseline 0.002 -16"><span class='ocrx_word' id='word_1_386' title='bbox 408 4466 467 4530; x_wconf 80' lang='lat' dir='ltr'>tas</span> <span class='ocrx_word' id='word_1_387' title='bbox 494 4464 670 4544; x_wconf 75' lang='grc'>0004000114·</span> <span class='ocrx_word' id='word_1_388' title='bbox 701 4466 771 4546; x_wconf 82' lang='grc'>004,</span> <span class='ocrx_word' id='word_1_389' title='bbox 804 4469 841 4528; x_wconf 84' lang='grc'>04</span> <span class='ocrx_word' id='word_1_390' title='bbox 877 4464 1009 4528; x_wconf 80' lang='lat' dir='ltr'>breviter</span> <span class='ocrx_word' id='word_1_391' title='bbox 1036 4464 1155 4540; x_wconf 80' lang='lat' dir='ltr'>dicam,</span> <span class='ocrx_word' id='word_1_392' title='bbox 1183 4469 1309 4528; x_wconf 81' lang='lat' dir='ltr'>tontum</span> <span class='ocrx_word' id='word_1_393' title='bbox 1339 4464 1496 4528; x_wconf 78' lang='lat' dir='ltr'>scribendi</span> <span class='ocrx_word' id='word_1_394' title='bbox 1527 4463 1657 4528; x_wconf 82' lang='lat' dir='ltr'>sedulus</span> <span class='ocrx_word' id='word_1_395' title='bbox 1682 4465 1761 4544; x_wconf 77' lang='lat' dir='ltr'>fuit,</span> <span class='ocrx_word' id='word_1_396' title='bbox 1796 4473 1833 4531; x_wconf 87' lang='grc'>04</span> <span class='ocrx_word' id='word_1_397' title='bbox 1862 4467 2069 4534; x_wconf 80' lang='lat' dir='ltr'>Hieroaimus</span> 
     </span>
     <span class='ocr_line' id='line_1_40' title="bbox 408 4567 2068 4660; baseline 0.003 -27"><span class='ocrx_word' id='word_1_398' title='bbox 408 4569 546 4651; x_wconf 81' lang='lat' dir='ltr'>quodam</span> <span class='ocrx_word' id='word_1_399' title='bbox 569 4567 633 4633; x_wconf 87' lang='grc'>1000</span> <span class='ocrx_word' id='word_1_400' title='bbox 655 4567 796 4633; x_wconf 72' lang='grc'>17001110</span> <span class='ocrx_word' id='word_1_401' title='bbox 819 4567 972 4632; x_wconf 69' lang='lat' dir='ltr'>librorum</span> <span class='ocrx_word' id='word_1_402' title='bbox 994 4569 1063 4631; x_wconf 83' lang='grc'>0100</span> <span class='ocrx_word' id='word_1_403' title='bbox 1089 4589 1121 4630; x_wconf 90' lang='grc'>00</span> <span class='ocrx_word' id='word_1_404' title='bbox 1151 4567 1258 4649; x_wconf 82' lang='grc'>1001000</span> <span class='ocrx_word' id='word_1_405' title='bbox 1279 4568 1470 4644; x_wconf 79' lang='grc'>0000400014,</span> <span class='ocrx_word' id='word_1_406' title='bbox 1493 4568 1531 4631; x_wconf 88' lang='grc'>110</span> <span class='ocrx_word' id='word_1_407' title='bbox 1555 4589 1638 4653; x_wconf 89' lang='grc'>0000</span> <span class='ocrx_word' id='word_1_408' title='bbox 1662 4570 1800 4655; x_wconf 90' lang='lat' dir='ltr'>legimus</span> <span class='ocrx_word' id='word_1_409' title='bbox 1823 4572 1855 4634; x_wconf 93' lang='lat' dir='ltr'>in</span> <span class='ocrx_word' id='word_1_410' title='bbox 1877 4572 2068 4660; x_wconf 87' lang='lat' dir='ltr'>Hieronymi</span> 
     </span>
     <span class='ocr_line' id='line_1_41' title="bbox 408 4670 2067 4762; baseline 0.002 -24"><span class='ocrx_word' id='word_1_411' title='bbox 408 4673 549 4759; x_wconf 83' lang='lat' dir='ltr'>epistula</span> <span class='ocrx_word' id='word_1_412' title='bbox 584 4671 627 4736; x_wconf 88' lang='lat' dir='ltr'>ad</span> <span class='ocrx_word' id='word_1_413' title='bbox 653 4671 899 4736; x_wconf 86' lang='lat' dir='ltr'>Pammacbium</span> <span class='ocrx_word' id='word_1_414' title='bbox 930 4674 985 4754; x_wconf 73' lang='grc'>184</span> <span class='ocrx_word' id='word_1_415' title='bbox 1011 4670 1128 4758; x_wconf 86' lang='lat' dir='ltr'>Vall.):</span> <span class='ocrx_word' id='word_1_416' title='bbox 1157 4671 1241 4735; x_wconf 82' lang='lat' dir='ltr'>mille</span> <span class='ocrx_word' id='word_1_417' title='bbox 1268 4677 1297 4734; x_wconf 88' lang='grc'>04</span> <span class='ocrx_word' id='word_1_418' title='bbox 1327 4692 1360 4735; x_wconf 87' lang='grc'>00</span> <span class='ocrx_word' id='word_1_419' title='bbox 1387 4671 1527 4752; x_wconf 75' lang='lat' dir='ltr'>amplias</span> <span class='ocrx_word' id='word_1_420' title='bbox 1556 4678 1712 4736; x_wconf 80' lang='lat' dir='ltr'>tractatus</span> <span class='ocrx_word' id='word_1_421' title='bbox 1740 4673 1877 4760; x_wconf 86' lang='lat' dir='ltr'>(scilicet</span> <span class='ocrx_word' id='word_1_422' title='bbox 1903 4675 2067 4762; x_wconf 86' lang='lat' dir='ltr'>homilias)</span> 
     </span>
     <span class='ocr_line' id='line_1_42' title="bbox 408 4774 2069 4860; baseline 0.002 -20"><span class='ocrx_word' id='word_1_423' title='bbox 408 4779 444 4841; x_wconf 85' lang='grc'>10</span> <span class='ocrx_word' id='word_1_424' title='bbox 473 4775 602 4842; x_wconf 81' lang='grc'>00010040</span> <span class='ocrx_word' id='word_1_425' title='bbox 633 4774 756 4840; x_wconf 80' lang='lat' dir='ltr'>locutus</span> <span class='ocrx_word' id='word_1_426' title='bbox 787 4781 831 4840; x_wconf 87' lang='grc'>004</span> <span class='ocrx_word' id='word_1_427' title='bbox 839 4797 849 4839; x_wconf 94' lang='grc'>.·</span> <span class='ocrx_word' id='word_1_428' title='bbox 877 4777 976 4840; x_wconf 76' lang='lat' dir='ltr'>edidit</span> <span class='ocrx_word' id='word_1_429' title='bbox 1006 4775 1251 4840; x_wconf 80' lang='lat' dir='ltr'>incrtmcrabc‘les</span> <span class='ocrx_word' id='word_1_430' title='bbox 1270 4781 1439 4856; x_wconf 79' lang='lat' dir='ltr'>praetcrea</span> <span class='ocrx_word' id='word_1_431' title='bbox 1468 4779 1719 4854; x_wconf 71' lang='lat' dir='ltr'>commutarim,</span> <span class='ocrx_word' id='word_1_432' title='bbox 1742 4779 1908 4859; x_wconf 76' lang='grc'>00000100</span> <span class='ocrx_word' id='word_1_433' title='bbox 1930 4779 2069 4860; x_wconf 77' lang='lat' dir='ltr'>appellat</span> 
     </span>
    </p>
   </div>
   <div class='ocr_carea' id='block_1_7' title="bbox 407 4875 2070 5382">
    <p class='ocr_par' dir='ltr' id='par_1_11' title="bbox 407 4875 2070 5382">
     <span class='ocr_line' id='line_1_43' title="bbox 407 4875 2067 4967; baseline 0.004 -23"><span class='ocrx_word' id='word_1_434' title='bbox 407 4875 539 4963; x_wconf 82' lang='grc' dir='ltr'>τόμους,</span> <span class='ocrx_word' id='word_1_435' title='bbox 563 4879 680 4942; x_wconf 89' lang='lat' dir='ltr'>similia</span> <span class='ocrx_word' id='word_1_436' title='bbox 703 4879 835 4965; x_wconf 88' lang='lat' dir='ltr'>quidem</span> <span class='ocrx_word' id='word_1_437' title='bbox 858 4887 948 4963; x_wconf 90' lang='lat' dir='ltr'>sunt,</span> <span class='ocrx_word' id='word_1_438' title='bbox 974 4880 1032 4944; x_wconf 90' lang='lat' dir='ltr'>sed</span> <span class='ocrx_word' id='word_1_439' title='bbox 1062 4902 1127 4946; x_wconf 93' lang='lat' dir='ltr'>non</span> <span class='ocrx_word' id='word_1_440' title='bbox 1158 4881 1244 4966; x_wconf 89' lang='lat' dir='ltr'>ipsa,</span> <span class='ocrx_word' id='word_1_441' title='bbox 1268 4879 1481 4966; x_wconf 86' lang='lat' dir='ltr'>videnturque</span> <span class='ocrx_word' id='word_1_442' title='bbox 1509 4882 1667 4967; x_wconf 86' lang='lat' dir='ltr'>proficisci</span> <span class='ocrx_word' id='word_1_443' title='bbox 1689 4902 1732 4944; x_wconf 90' lang='lat' dir='ltr'>ex</span> <span class='ocrx_word' id='word_1_444' title='bbox 1754 4883 1892 4967; x_wconf 87' lang='lat' dir='ltr'>epistula</span> <span class='ocrx_word' id='word_1_445' title='bbox 1915 4881 1957 4946; x_wconf 91' lang='lat' dir='ltr'>ad</span> <span class='ocrx_word' id='word_1_446' title='bbox 1980 4884 2067 4950; x_wconf 87' lang='lat' dir='ltr'>Pau-</span> 
     </span>
     <span class='ocr_line' id='line_1_44' title="bbox 408 4983 2070 5072; baseline 0.004 -25"><span class='ocrx_word' id='word_1_447' title='bbox 408 4985 472 5048; x_wconf 89' lang='lat' dir='ltr'>lam</span> <span class='ocrx_word' id='word_1_448' title='bbox 507 5004 560 5062; x_wconf 87' lang='grc'>00,</span> <span class='ocrx_word' id='word_1_449' title='bbox 596 5005 693 5069; x_wconf 87' lang='grc'>00001</span> <span class='ocrx_word' id='word_1_450' title='bbox 725 4983 944 5070; x_wconf 91' lang='lat' dir='ltr'>Hieronymus</span> <span class='ocrx_word' id='word_1_451' title='bbox 979 4986 1048 5070; x_wconf 91' lang='lat' dir='ltr'>ipse</span> <span class='ocrx_word' id='word_1_452' title='bbox 1080 4987 1157 5049; x_wconf 88' lang='lat' dir='ltr'>citat</span> <span class='ocrx_word' id='word_1_453' title='bbox 1190 4987 1246 5050; x_wconf 89' lang='lat' dir='ltr'>vir.</span> <span class='ocrx_word' id='word_1_454' title='bbox 1274 4986 1384 5049; x_wconf 79' lang='grc'>111114</span> <span class='ocrx_word' id='word_1_455' title='bbox 1415 4995 1448 5049; x_wconf 87' lang='grc'>04</span> <span class='ocrx_word' id='word_1_456' title='bbox 1479 4986 1557 5049; x_wconf 85' lang='grc'>01404</span> <span class='ocrx_word' id='word_1_457' title='bbox 1590 4987 1668 5049; x_wconf 86' lang='grc'>14001</span> <span class='ocrx_word' id='word_1_458' title='bbox 1695 4985 1829 5050; x_wconf 88' lang='lat' dir='ltr'>Rufinus</span> <span class='ocrx_word' id='word_1_459' title='bbox 1857 4988 1941 5072; x_wconf 90' lang='lat' dir='ltr'>apol.</span> <span class='ocrx_word' id='word_1_460' title='bbox 1964 4992 1993 5069; x_wconf 80' lang='lat'>2,</span> <span class='ocrx_word' id='word_1_461' title='bbox 2017 4993 2070 5053; x_wconf 77' lang='lat'>20.</span> 
     </span>
     <span class='ocr_line' id='line_1_45' title="bbox 410 5083 2068 5173; baseline 0.003 -22"><span class='ocrx_word' id='word_1_462' title='bbox 410 5088 555 5152; x_wconf 89' lang='lat' dir='ltr'>eiusdem</span> <span class='ocrx_word' id='word_1_463' title='bbox 581 5087 739 5173; x_wconf 89' lang='lat' dir='ltr'>epistulae</span> <span class='ocrx_word' id='word_1_464' title='bbox 764 5083 1049 5171; x_wconf 77' lang='grc' dir='ltr'><em>ἅποσπασμάτιον</em></span> <span class='ocrx_word' id='word_1_465' title='bbox 1073 5095 1139 5168; x_wconf 87' lang='grc'>004,</span> <span class='ocrx_word' id='word_1_466' title='bbox 1169 5089 1201 5152; x_wconf 88' lang='grc'>01</span> <span class='ocrx_word' id='word_1_467' title='bbox 1225 5089 1334 5170; x_wconf 84' lang='lat' dir='ltr'>fallor,</span> <span class='ocrx_word' id='word_1_468' title='bbox 1359 5087 1522 5152; x_wconf 83' lang='lat' dir='ltr'>codicibus</span> <span class='ocrx_word' id='word_1_469' title='bbox 1552 5088 1743 5173; x_wconf 88' lang='lat' dir='ltr'>quibusdam</span> <span class='ocrx_word' id='word_1_470' title='bbox 1767 5089 1970 5154; x_wconf 89' lang='lat' dir='ltr'>homiliamm</span> <span class='ocrx_word' id='word_1_471' title='bbox 1995 5091 2068 5156; x_wconf 93' lang='lat' dir='ltr'>Ori-</span> 
     </span>
     <span class='ocr_line' id='line_1_46' title="bbox 408 5191 2068 5278; baseline 0.002 -22"><span class='ocrx_word' id='word_1_472' title='bbox 408 5194 619 5277; x_wconf 90' lang='lat' dir='ltr'>genianarum</span> <span class='ocrx_word' id='word_1_473' title='bbox 642 5193 674 5256; x_wconf 93' lang='lat' dir='ltr'>in</span> <span class='ocrx_word' id='word_1_474' title='bbox 698 5192 843 5277; x_wconf 90' lang='lat' dir='ltr'>genesim</span> <span class='ocrx_word' id='word_1_475' title='bbox 867 5195 1071 5278; x_wconf 87' lang='lat' dir='ltr'>praepositus</span> <span class='ocrx_word' id='word_1_476' title='bbox 1094 5192 1191 5256; x_wconf 88' lang='lat' dir='ltr'>index</span> <span class='ocrx_word' id='word_1_477' title='bbox 1216 5213 1351 5278; x_wconf 93' lang='lat' dir='ltr'>operum</span> <span class='ocrx_word' id='word_1_478' title='bbox 1375 5200 1442 5256; x_wconf 90' lang='lat' dir='ltr'>tam</span> <span class='ocrx_word' id='word_1_479' title='bbox 1459 5191 1613 5256; x_wconf 84' lang='lat' dir='ltr'>Varronis</span> <span class='ocrx_word' id='word_1_480' title='bbox 1629 5213 1725 5278; x_wconf 88' lang='lat' dir='ltr'>quam</span> <span class='ocrx_word' id='word_1_481' title='bbox 1743 5195 1901 5278; x_wconf 89' lang='lat' dir='ltr'>Origenis,</span> <span class='ocrx_word' id='word_1_482' title='bbox 1916 5195 1962 5258; x_wconf 89' lang='lat' dir='ltr'>ita</span> <span class='ocrx_word' id='word_1_483' title='bbox 1979 5215 2068 5259; x_wconf 91' lang='lat' dir='ltr'>com·</span> 
     </span>
     <span class='ocr_line' id='line_1_47' title="bbox 408 5295 1752 5382; baseline 0 -21"><span class='ocrx_word' id='word_1_484' title='bbox 408 5305 548 5382; x_wconf 88' lang='lat' dir='ltr'>paratus,</span> <span class='ocrx_word' id='word_1_485' title='bbox 573 5303 607 5360; x_wconf 87' lang='lat' dir='ltr'>ut</span> <span class='ocrx_word' id='word_1_486' title='bbox 631 5315 714 5381; x_wconf 89' lang='lat' dir='ltr'>quae</span> <span class='ocrx_word' id='word_1_487' title='bbox 738 5295 893 5360; x_wconf 92' lang='lat' dir='ltr'>hocloco</span> <span class='ocrx_word' id='word_1_488' title='bbox 917 5296 1010 5360; x_wconf 91' lang='lat' dir='ltr'>Beda</span> <span class='ocrx_word' id='word_1_489' title='bbox 1032 5295 1133 5359; x_wconf 91' lang='lat' dir='ltr'>habet</span> <span class='ocrx_word' id='word_1_490' title='bbox 1156 5295 1325 5359; x_wconf 89' lang='lat' dir='ltr'>commode</span> <span class='ocrx_word' id='word_1_491' title='bbox 1350 5317 1422 5359; x_wconf 92' lang='lat' dir='ltr'>cum</span> <span class='ocrx_word' id='word_1_492' title='bbox 1447 5317 1485 5359; x_wconf 93' lang='lat' dir='ltr'>eo</span> <span class='ocrx_word' id='word_1_493' title='bbox 1510 5297 1752 5381; x_wconf 88' lang='lat' dir='ltr'>coniungantur.</span> 
     </span>
    </p>
   </div>
   <div class='ocr_carea' id='block_1_8' title="bbox 409 5417 2068 5714">
    <p class='ocr_par' dir='ltr' id='par_1_12' title="bbox 409 5417 2068 5714">
     <span class='ocr_line' id='line_1_48' title="bbox 526 5417 2065 5506; baseline 0.001 -24"><span class='ocrx_word' id='word_1_494' title='bbox 526 5422 572 5482; x_wconf 90' lang='grc'>14.</span> <span class='ocrx_word' id='word_1_495' title='bbox 603 5421 763 5482; x_wconf 90' lang='lat' dir='ltr'>Auctores</span> <span class='ocrx_word' id='word_1_496' title='bbox 787 5419 841 5504; x_wconf 92' lang='lat' dir='ltr'>qui</span> <span class='ocrx_word' id='word_1_497' title='bbox 865 5417 905 5482; x_wconf 94' lang='lat' dir='ltr'>de</span> <span class='ocrx_word' id='word_1_498' title='bbox 929 5419 1084 5505; x_wconf 85' lang='lat' dir='ltr'>paschate</span> <span class='ocrx_word' id='word_1_499' title='bbox 1107 5420 1303 5504; x_wconf 87' lang='lat' dir='ltr'>scripserunt</span> <span class='ocrx_word' id='word_1_500' title='bbox 1325 5419 1417 5483; x_wconf 91' lang='lat' dir='ltr'>Beda</span> <span class='ocrx_word' id='word_1_501' title='bbox 1440 5418 1588 5482; x_wconf 90' lang='lat' dir='ltr'>adhibuit</span> <span class='ocrx_word' id='word_1_502' title='bbox 1611 5419 1801 5504; x_wconf 85' lang='lat' dir='ltr'>complures,</span> <span class='ocrx_word' id='word_1_503' title='bbox 1825 5441 1931 5506; x_wconf 88' lang='lat' dir='ltr'>neque</span> <span class='ocrx_word' id='word_1_504' title='bbox 1956 5427 2065 5484; x_wconf 88' lang='lat' dir='ltr'>tamen</span> 
     </span>
     <span class='ocr_line' id='line_1_49' title="bbox 410 5520 2068 5610; baseline 0.003 -27"><span class='ocrx_word' id='word_1_505' title='bbox 410 5520 450 5584; x_wconf 92' lang='lat' dir='ltr'>de</span> <span class='ocrx_word' id='word_1_506' title='bbox 474 5522 514 5585; x_wconf 89' lang='lat' dir='ltr'>iis</span> <span class='ocrx_word' id='word_1_507' title='bbox 537 5521 630 5585; x_wconf 92' lang='lat' dir='ltr'>nobis</span> <span class='ocrx_word' id='word_1_508' title='bbox 654 5520 884 5606; x_wconf 89' lang='lat' dir='ltr'>disputandum</span> <span class='ocrx_word' id='word_1_509' title='bbox 908 5529 968 5604; x_wconf 92' lang='lat' dir='ltr'>est,</span> <span class='ocrx_word' id='word_1_510' title='bbox 993 5542 1063 5586; x_wconf 91' lang='lat' dir='ltr'>cum</span> <span class='ocrx_word' id='word_1_511' title='bbox 1085 5523 1119 5585; x_wconf 91' lang='lat' dir='ltr'>in</span> <span class='ocrx_word' id='word_1_512' title='bbox 1141 5523 1298 5588; x_wconf 89' lang='lat' dir='ltr'>chronicis</span> <span class='ocrx_word' id='word_1_513' title='bbox 1314 5523 1396 5588; x_wconf 89' lang='lat' dir='ltr'>hacc</span> <span class='ocrx_word' id='word_1_514' title='bbox 1413 5523 1586 5609; x_wconf 90' lang='lat' dir='ltr'>disputatio</span> <span class='ocrx_word' id='word_1_515' title='bbox 1603 5524 1814 5606; x_wconf 88' lang='lat' dir='ltr'>contineatur,</span> <span class='ocrx_word' id='word_1_516' title='bbox 1838 5524 1881 5587; x_wconf 90' lang='lat' dir='ltr'>ad</span> <span class='ocrx_word' id='word_1_517' title='bbox 1896 5524 2068 5610; x_wconf 88' lang='lat' dir='ltr'>paschales</span> 
     </span>
     <span class='ocr_line' id='line_1_50' title="bbox 409 5624 2066 5714; baseline 0.002 -26"><span class='ocrx_word' id='word_1_518' title='bbox 409 5633 519 5688; x_wconf 83' lang='lat' dir='ltr'>autem</span> <span class='ocrx_word' id='word_1_519' title='bbox 537 5626 744 5710; x_wconf 87' lang='lat' dir='ltr'>quaestiones</span> <span class='ocrx_word' id='word_1_520' title='bbox 761 5646 804 5688; x_wconf 85' lang='lat' dir='ltr'>ex</span> <span class='ocrx_word' id='word_1_521' title='bbox 819 5624 932 5690; x_wconf 90' lang='lat' dir='ltr'>Bedae</span> <span class='ocrx_word' id='word_1_522' title='bbox 949 5626 1074 5711; x_wconf 86' lang='lat' dir='ltr'>scriptis</span> <span class='ocrx_word' id='word_1_523' title='bbox 1091 5626 1156 5689; x_wconf 86' lang='lat' dir='ltr'>alia</span> <span class='ocrx_word' id='word_1_524' title='bbox 1172 5628 1272 5690; x_wconf 89' lang='lat' dir='ltr'>multa</span> <span class='ocrx_word' id='word_1_525' title='bbox 1288 5629 1480 5714; x_wconf 87' lang='lat' dir='ltr'>pertineant.</span> <span class='ocrx_word' id='word_1_526' title='bbox 1519 5628 1632 5691; x_wconf 90' lang='lat' dir='ltr'>habuit</span> <span class='ocrx_word' id='word_1_527' title='bbox 1648 5627 1836 5692; x_wconf 89' lang='lat' dir='ltr'>Anatolium</span> <span class='ocrx_word' id='word_1_528' title='bbox 1851 5628 2066 5714; x_wconf 87' lang='lat' dir='ltr'>subditicium,</span> 
     </span>
    </p>
   </div>
   <div class='ocr_carea' id='block_1_9' title="bbox 0 0 2309 6292">
    <p class='ocr_par' dir='ltr' id='par_1_13' title="bbox 0 0 2309 6292">
     <span class='ocr_line' id='line_1_51' title="bbox 0 0 2309 6292; baseline 0 0"><span class='ocrx_word' id='word_1_529' title='bbox 0 0 2309 6292; x_wconf 95' lang='lat' dir='ltr'> </span> 
     </span>
    </p>
   </div>
  </div>
 </body>
</html>
