4552 6308
370 378 433 437 440
818 370 851 426 V.
870 371 1078 428 LA'IERCVLI
1097 371 1225 428 Racvu
1246 371 1294 427 ΕΤ
1314 371 1586 428 lMPllItrl'l'ORVld

370 545 523 611 itaidem
548 567 619 611 cum
642 545 847 610 Commodi'
839 547 976 631 rmperio
1006 567 1047 610 ca
1076 567 1111 612 re
1135 548 1352 632 coniungitur,
1380 546 1466 633 quod
1493 548 1548 611 ille
1580 547 1732 613 liliuma.
1756 548 1786 613 d.
1810 549 1841 610 V
1864 547 1931 614 kal
1957 548 2031 614 dec.

369 671 399 715 a.
421 653 478 714 176
502 651 734 737 imperatorem
757 650 840 716 dixit
863 652 927 715 et'
919 672 952 715 ιιι
975 651 1195 716 consortium
1186 653 1313 738 imperil
1304 651 1504 734 '.admisit²)
1551 672 1650 738 quare
1667 652 1822 740 Aegyptii
1837 676 1905 718 non
1921 655 2030 757 solum

368 753 410 817 ad
433 755 533 820 Marci
557 775 725 820 excessum
749 775 852 841 usque
877 754 935 820 sed
960 757 1060 820 etiam
1083 776 1143 841 per
1165 755 1368 821 Commodi'
1360 757 1530 842 imperium
1555 757 1656 822 Marci
1685 778 1785 822 annos
1815 741 2029 824 continuave-

367 866 449 923 runt.
496 880 592 945 quem
615 881 707 925 usum
731 861 795 924 et
787 881 820 924 ιιι
842 861 981 924 nummis
997 859 1235 947 Aegyptiomm
1259 861 1322 924 et
1313 881 1347 924 m
1370 860 1489 926 chartis
1511 882 1549 925 ac
1572 862 1663 925 testis
1686 863 1834 927 litteratis
1858 863 2028 928 observari

367 968 493 1028 constat
479 963 542 1049 t2).
591 963 739 1030 Discedit
762 963 914 1029 Clemens
941 965 1084 1030 maxime
1118 985 1158 1029 eo
1192 963 1279 1050 quod
1312 963 1438 1028 Galbae
1466 985 1585 1028 annum
1618 965 1816 1050 integrum
1808 988 1841 1031 111
1864 967 2027 1033 calculum

367 1074 471 1151 vocat,
496 1090 567 1133 cum
589 1069 713 1133 Neroni
737 1090 838 1133 annos
861 1068 943 1133 XIV
966 1067 1137 1133 adscribet.
1180 1068 1214 1132 in
1237 1089 1301 1154 qua
1322 1088 1358 1132 re
1380 1089 1422 1132 ne
1446 1070 1621 1134 astronomi
1645 1070 1776 1156 quidem
1792 1073 1887 1158 culpa
1903 1079 2027 1138 carent.

366 1167 453 1235 Nero
478 1193 507 1236 a.
532 1172 563 1237 d.
578 1171 611 1235 V
632 1172 675 1238 id.
698 1173 762 1237 iun.
787 1193 816 1236 a.
834 1175 874 1238 68
898 1176 1035 1236 mortem
1059 1192 1171 1257 passus
1195 1179 1261 1254 est,
1286 1170 1392 1235 Galba
1414 1192 1444 1236 a.
1467 1171 1498 1238 d.
1515 1171 1566 1237 HI
1588 1193 1662 1238 non.
1686 1194 1753 1262 apr.
1779 1175 1926 1241 eiusdem
1949 1177 2028 1240 anni

365 1274 536 1361 imperium
559 1283 741 1363 acceperat.
786 1276 885 1360 igitur
906 1295 935 1339 a.
952 1275 1035 1340 Phil.
1053 1277 1127 1359 391,
1151 1275 1241 1340 cuius
1272 1281 1455 1360 postremus
1487 1274 1557 1340 dies
1586 1277 1619 1341 iu
1640 1297 1741 1342 nonas
1765 1298 1838 1364 aug.
1862 1300 1891 1344 a.
1908 1283 1949 1346 68
1973 1281 2025 1345 iu-

366 1377 452 1461 cidit,
478 1379 604 1444 Galbae
629 1379 820 1445 tribueudus
844 1387 924 1461 erat,
948 1400 1012 1444 non
1034 1377 1166 1460 Neroni,
1189 1377 1328 1443 Neronis
1351 1386 1461 1443 autem
1484 1399 1548 1444 uon
1570 1381 1643 1465 plus
1666 1381 1750 1447 XIII
1772 1385 1847 1446 anni
1869 1384 1902 1448 in
1926 1384 2025 1449 tabu·

365 1483 431 1545 lam
455 1483 619 1549 referendi
643 1491 745 1549 erant.
791 1489 825 1546 et
846 1483 880 1546 hi
904 1482 1034 1568 quidem
1057 1482 1183 1546 numeri
1210 1483 1282 1568 quis
1312 1480 1438 1546 dubitet
1461 1483 1537 1568 quin
1564 1483 1711 1568 primitus
1732 1485 1766 1548 in
1789 1506 1945 1551 canonem
1970 1508 2025 1551 re-

365 1586 422 1650 lati
445 1587 629 1674 fuennw)
675 1594 841 1653 mutarunt
863 1587 1039 1651 astronomi
1062 1585 1288 1652 commodioris
1317 1586 1431 1651 calculi
1462 1607 1561 1652 causa
1583 1606 1688 1672 eoque
1711 1588 1835 1654 facilius
1859 1597 2024 1678 poterant,

366 1711 428 1775 quo
445 1692 549 1756 minor
564 1712 640 1778 pars
656 1692 730 1756 anui
744 1691 826 1756 Phil.
841 1693 899 1755 391
920 1689 963 1754 ad
979 1690 1120 1755 Galbam
1135 1691 1239 1754 solum
1256 1689 1424 1754 attinebat.
1464 1690 1596 1776 reliquis
1612 1693 1819 1778 scriptoribus
1836 1716 1908 1759 cum
1924 1715 2025 1760 causa

365 1795 512 1859 mutandi
535 1816 599 1860 non
622 1796 719 1860 fuerit
743 1799 862 1882 (neque
886 1795 972 1859 enim
996 1795 1144 1860 Tacitum
1168 1794 1290 1859 obicies
1313 1793 1388 1860 dial.
1409 1797 1445 1858 17
1470 1791 1597 1859 Claudii
1620 1795 1702 1861 XIV
1732 1799 1822 1862 annis
1849 1798 2024 1885 imperium

363 1897 502 1963 Neronis
531 1901 757 1986 aequantem),
786 1920 851 1963 uon
883 1899 978 1964 video
1006 1898 1091 1964 unde
1120 1897 1257 1963 Neronis
1279 1897 1361 1963 XIV
1385 1919 1485 1963 anuos
1513 1897 1665 1964 Clemens
1696 1903 1868 1988 sumpserit
1893 1903 2023 1968 nisiex

364 2023 496 2068 canone.
544 2005 689 2090 suspicor
710 2005 809 2089 igitur
832 2002 1037 2068 Clementem
1061 2003 1213 2089 exemplo
1238 2003 1369 2066 tabulae
1392 2023 1495 2084 usum,
1520 2024 1583 2089 quo
1599 2004 1738 2068 Neronis
1754 2007 1827 2070 anni
1843 2005 2023 2072 secundum

363 2112 620 2172 astronomorum
654 2129 746 2173 usum
780 2108 865 2173 aucti
901 2106 960 2172 sed
987 2107 1114 2173 Galbae
1148 2129 1250 2172 annus
1278 2105 1420 2171 nondum
1449 2106 1575 2172 deletus
1604 2115 1688 2191 erat,
1719 2131 1822 2196 ecque
1847 2110 2023 2198 deceptum

363 2231 521 2276 summam
546 2211 731 2298 (CCXXII)
754 2233 818 2277 uno
843 2233 927 2276 anno
950 2214 1107 2276 maiorem
1130 2213 1246 2277 fecisse
1270 2232 1366 2298 quam
1388 2232 1447 2298 par
1474 2219 1553 2276 erat.

467 2316 584 2402 Neque
613 2315 775 2402 Georgius
807 2315 975 2402 Syncellus
1010 2314 1165 2382 tacendus
1202 2322 1266 2398 est,
1301 2317 1355 2402 qui
1386 2318 1505 2380 multus
1538 2322 1588 2382 est
1616 2317 1657 2382 de
1687 2317 1869 2384 Ptolemaei
1901 2319 2023 2384 tabulis

363 2441 394 2505 p.
415 2423 517 2502 388,1
537 2441 605 2507 sqq.
636 2427 848 2506 veteremque
879 2419 1010 2484 canonis
1039 2425 1182 2507 partem,
1213 2440 1277 2505 qua
1307 2421 1381 2484 anni
1412 2441 1433 2485 a
1461 2420 1674 2487 Nabcnasaro
1704 2429 1928 2509 conputantur,
1951 2425 1973 2491 i.
1991 2445 2022 2490 e.

362 2545 464 2609 regna
492 2521 732 2588 Chaldaeorum
757 2529 790 2587 et
812 2522 986 2588 Persarum
1009 2544 1111 2608 usque
1134 2523 1176 2588 ad
1192 2523 1417 2588 Alexandrum
1432 2525 1477 2593 M.
1500 2546 1565 2590 nou
1587 2528 1689 2592 semel
1705 2527 1764 2593 sed
1786 2527 1834 2592 bis
1856 2530 2021 2615 proponit.

362 2630 459 2715 priori
483 2629 636 2714 exemplo
660 2649 692 2713 p.
711 2630 784 2707 390,
802 2632 838 2691 14
862 2626 1007 2692 inscribit
1033 2622 1082 2691 Τὰ
1106 2623 1177 2693 ἀπὸ
1194 2624 1435 2714 Ναβονασάροο
1458 2624 1512 2716 ἔτι,
1536 2631 1595 2696 τοῦ
1609 2629 1665 2696 καὶ
1683 2627 1903 2718 Σαλμανασὰρ
1919 2639 2023 2718 βασι-

361 2731 442 2812 λέως
476 2728 656 2797 Χαλδαίων
691 2728 752 2810 ἕως
781 2723 995 2817 Ἀλεξάνδρου
1032 2731 1092 2798 τοῦ
1128 2727 1263 2796 κτίστου
1300 2731 1451 2821 cohortis
1484 2729 1584 2798 κατὰ
1617 2729 1685 2800 τὸν
1719 2728 2022 2822 ἆστρονομικὸν

360 2831 521 2918 κανόνα,
545 2835 772 2921 altaspata,
792 2838 827 2898 10
856 2829 905 2898 Tei
922 2827 993 2901 ἀπὸ
1009 2829 1230 2921 Σαλμανασὰρ
1246 2827 1321 2923 ἤτοι
1338 2830 1579 2922 Ναβονασάρου
1597 2832 1652 2924 ἔτι)
1676 2833 1777 2903 κατὰ
1798 2835 1867 2926 τὴν
1882 2837 2022 2927 ἔκκλη-

361 2935 585 3029 σιαστικὴν
607 2933 868 3021 στοιχείωσιν
889 2938 956 3004 κτλ.
1003 2961 1076 3005 cum
1098 2940 1182 3004 illius
1205 2945 1318 3004 auctor
1334 2960 1491 3005 canonem
1515 2947 1628 3026 aperte
1652 2943 1823 3028 exprimat,
1847 2944 1907 3007 nisi
1931 2944 2022 3030 quod

362 3044 436 3109 inde
461 3066 481 3108 a
502 3043 723 3109 Saosduchinc
741 3043 865 3128 aliquot
880 3063 1055 3128 regnorum
1071 3043 1212 3108 numeris
1228 3044 1359 3109 mutatis
1375 3065 1520 3109 summae
1536 3066 1691 3111 annorum
1707 3069 1771 3112 non
1787 3053 1875 3113 recte
1893 3069 2020 3135 conpu-

359 3157 477 3234 tantur,
501 3152 584 3215 alter
606 3150 699 3213 illum
719 3154 847 3212 secutus
870 3149 998 3234 longius
1021 3150 1171 3214 licentiae
1195 3151 1396 3237 exspatiatus
1421 3157 1480 3214 est.
1525 3151 1610 3215 illius
1626 3159 1793 3217 auctorem
1808 3151 2020 3217 Panodorum

359 3255 457 3319 fuisse
481 3254 763 3340 chronographum
786 3253 863 3316 satis
886 3254 1027 3339 peritum
1051 3253 1125 3340 (sub
1142 3253 1283 3319 Arcadio
1308 3275 1337 3320 a.
1356 3257 1553 3340 395-408),
1578 3257 1710 3320 alterius
1726 3255 1911 3321 Anniauum
1927 3263 2020 3322 recte

359 3361 417 3425 viri
441 3359 528 3424 docti
552 3365 732 3424 statuerunt
742 3357 781 3444 ⁴).
817 3359 902 3423 hunc
925 3359 1063 3445 alterum
1079 3357 1220 3424 Anniani
1235 3360 1260 3425 Ι.
1280 3359 1305 3422 Ι.
1323 3359 1470 3446 Scaliger
1492 3361 1576 3424 iuter
1590 3359 1776 3426 Eusebiana
1799 3359 1900 3424 edidit
1917 3359 2019 3427 Thes.

360 3470 459 3549 temp.
484 3486 515 3550 p.
534 3467 574 3528 46
599 3470 632 3528 et
656 3467 717 3528 397
743 3463 806 3545 (ed.
831 3463 1068 3547 unstrote),
1100 3461 1217 3528 deinde
1248 3463 1288 3527 D.
1312 3464 1465 3529 Petavius
1495 3464 1568 3530 libri
1595 3464 1636 3529 de
1661 3465 1807 3530 doctriua
1833 3471 2021 3550 temporum

358 3566 407 3631 IX
432 3589 458 3632 ο.
474 3566 587 3631 LVIII
610 3567 648 3653 (t.
664 3568 698 3631 ΙΙ
722 3587 754 3652 p.
773 3570 812 3630 70
836 3565 887 3631 ed.
904 3565 1001 3630 Antv.
1021 3563 1117 3650 1703)
1142 3565 1287 3630 adhibito
1312 3565 1444 3632 Calvisii
1467 3588 1566 3654 opere
1589 3569 1724 3634 licenter
1747 3575 1936 3633 correctum.

462 3669 585 3745 Quodsi
609 3691 682 3736 cum
706 3669 872 3734 Panodori
900 3669 1013 3734 tabula
1042 3670 1195 3755 exempla
1217 3669 1311 3734 nobis
1334 3669 1453 3736 tradita
1476 3673 1663 3753 contuleris,
1693 3673 1839 3758 proxime
1864 3691 1883 3735 a
1906 3670 2020 3736 Pauo-

358 3776 436 3840 doro
462 3774 519 3862 (P)
549 3775 724 3840 laterculus
757 3774 921 3838 Leoninus
946 3773 1002 3860 (L)
1033 3773 1149 3839 abesse
1179 3774 1321 3850 ridetur3
1354 3776 1470 3839 saltem
1501 3777 1534 3840 iu
1564 3777 1747 3841 nominibus
1776 3775 1953 3840 scribendis
1984 3777 2019 3840 hi

357 3901 421 3944 uon
444 3879 547 3944 semel
572 3884 683 3943 contra
707 3884 834 3942 ceteros
850 3877 884 3942 H
908 3878 1112 3960 (laterculum
1127 3877 1376 3963 Heraclianum)
1401 3885 1434 3944 et
1456 3879 1483 3943 P
1508 3877 1642 3965 (codicis
1657 3879 1867 3944 Laurentiani
1890 3899 2020 3965 appeu-

356 3983 461 4049 dicem
485 3983 505 4048 f.
528 3981 613 4068 129¹)
637 3982 831 4067 conspirant,
854 3987 890 4046 ut
906 3977 1147 4068 Ναβονασάρου
1162 3983 1232 4048 LP:
1258 3978 1496 4067 Ναβοναζάρου
1512 3983 1545 4047 Η
1568 3978 1874 4069 ΝαβονασσάρουΡ
1915 3974 2019 4049 Ἴλου-

355 4083 452 4152 λαίαν
467 4085 538 4150 LP:
560 4078 721 4171 Ἰουγαίου
738 4084 799 4148 HF
872 4077 1048 4172 Ἀρκεανοῠ
1069 4086 1142 4151 LP:
1164 4081 1361 4172 ’Λρκαιανοῦ
1376 4087 1409 4151 Η
1432 4081 1588 4172 ἄρκϊανοῦ
1610 4087 1637 4151 N
1712 4080 1964 4170 ’Λπαραναόίου
1988 4087 2018 4152 L

353 4185 626 4279 ’Λπαραναδίσου
648 4190 691 4255 Ρ;
713 4184 964 4277 ’Λιτρααναδίου
987 4191 1020 4255 Η
1043 4184 1253 4278 ἂιτραναδιόυ
1275 4192 1314 4258 F.

461 4385 481 4450 ¹)
501 4387 534 4437 cs.
548 4383 646 4436 llckhel
664 4383 744 4435 doctr.
758 4401 828 4436 num.
841 4390 893 4434 vet.
905 4383 954 4434 Vll
972 4401 997 4451 p.
1011 4380 1062 4435 103
1080 4386 1256 4437 Mommsonus
1269 4385 1336 4436 Iuris
1354 4384 1451 4452 publici
1470 4384 1541 4434 Rom.
1559 4385 1614 4434 tll
1633 4401 1657 4451 p.
1671 4381 1746 4448 1154,
1759 4380 1784 4434 4.
1849 4380 1871 4447 ¹)
1890 4383 2019 4435 Nummos

355 4480 471 4526 recenset
482 4474 566 4539 Zoega
578 4473 655 4522 Num.
669 4473 779 4538 Aegypt.
792 4472 907 4538 imperat.
926 4487 950 4537 p.
964 4467 1016 4522 836
1025 4487 1080 4538 sqq.
1117 4472 1264 4524 Penardeut
1280 4471 1307 4521 iu
1320 4471 1437 4536 catalogo
1449 4487 1611 4522 nummorum
1627 4472 1764 4537 Aegypta
1776 4470 1830 4521 loh.
1843 4469 1869 4520 di
1882 4470 2016 4522 Demetrio

354 4561 520 4612 collectorum
538 4567 557 4611 t.
571 4561 596 4609 ll
614 4575 638 4626 p.
652 4556 704 4610 168
714 4575 769 4624 sqq.
788 4559 846 4622 alil,
871 4561 904 4610 cl.
924 4558 1022 4610 Echhel
1041 4559 1120 4610 doctr.
1143 4575 1213 4610 num.
1232 4564 1284 4610 set.
1297 4559 1332 4608 IV
1351 4575 1376 4624 p.
1389 4555 1422 4607 77
1432 4574 1487 4623 sqq.
1527 4557 1680 4608 Chartamm
1703 4557 1823 4623 exempla
1846 4555 1928 4633 multa
1951 4573 2014 4624 sup·

354 4647 452 4713 peditat
471 4646 589 4696 collectio
602 4645 787 4708 Berolinensis3
806 4645 870 4696 duos
888 4650 989 4695 tautum
1007 4662 1129 4712 promam,
1149 4647 1189 4698 tl
1202 4663 1227 4697 n.
1237 4642 1297 4708 841,
1307 4641 1341 4695 43
1353 4639 1429 4700 ἔτους
1446 4638 1679 4693 ἑπτακαιδεκάτου
1692 4682 1698 4695 .
1711 4680 1718 4692 .
1732 4679 1738 4692 .
1752 4639 1835 4709 ἐαιὶφ
1854 4639 1873 4691 d
1892 4640 1938 4708 (88
1958 4644 2015 4696 iun.

354 4731 425 4798 177),
444 4733 479 4784 ib.
496 4729 620 4792 ιι.810,1
636 4727 726 4787 Ἑτοις
744 4729 778 4796 l?
863 4726 921 4796 τυβὶ
939 4727 959 4798 {t
977 4730 1022 4795 (89
1042 4733 1096 4784 dec.
1112 4731 1161 4784 198
1186 4732 1203 4783 i.
1216 4749 1238 4783 e.
1265 4732 1339 4782 tertio
1365 4732 1406 4782 die
1430 4738 1491 4782 aute
1513 4737 1621 4781 mortem
1647 4729 1827 4797 imperatoris).
1872 4731 1910 4779 Ex
1938 4731 2016 4781 tastis

353 4820 472 4871 litteratis
490 4819 625 4870 editionem
645 4817 777 4869 Wilckeui
795 4819 1006 4885 exspectanfibus
1029 4817 1239 4871 innotueruutL
1265 4821 1292 4883 ἰῇ
1314 4810 1555 4884 ιιιῖτοκρατ[ό]ρων
1575 4812 1719 4883 Καισάρων
1742 4812 1856 4883 Μάρκου
1874 4808 2015 4882 An’pqtr'oo

352 4901 413 4972 [καὶ
438 4902 564 4972 Κομόδου
587 4901 657 4973 τῶ1ν
679 4900 728 4955 δύο
752 4903 891 4969 σεβαστιῑν
915 4903 965 4970 (ed.
988 4908 1070 4973 Sayce
1089 4906 1261 4971 Proceedinpr
1284 4907 1317 4972 of
1337 4905 1377 4956 tte
1400 4903 1492 4970 society
1516 4905 1547 4970 os
1566 4903 1669 4955 biblica!
1685 4903 1838 4970 arcteolopy
1859 4898 1925 4952 1887
1943 4903 2015 4953 t.1x

352 5011 376 5061 p.
389 4991 440 5045 801
464 4994 510 5060 qui
532 4993 598 5045 male
624 4984 730 5060 Ου’ήρου
752 4993 907 5060 supplevit),
923 4978 958 5042 ᾗ
975 4993 1000 5043 L
1019 4985 1155 5060 Aripqlioo
1171 4985 1331 5042 Ἀνιωνίνου
1353 4985 1398 5040 καὶ
1425 4985 1595 5059 Κομμόδβτι)
1623 4987 1766 5057 Καισάρων
1785 4989 1835 5055 (ed.
1854 4989 1935 5054 Sayce
1954 4989 1973 5038 l.
1992 5007 2012 5041 s.

354 5078 455 5133 18851.
469 5082 504 5131 111
523 5098 547 5148 p.
561 5077 629 5145 199),
648 5077 706 5129 ir‘L
731 5073 865 5146 Av'pqlicu
885 5075 1011 5149 Κομόδοο
1029 5077 1079 5142 (sd.
1093 5080 1213 5131 Wilcheu
1231 5078 1324 5130 hnnal.
1338 5081 1419 5130 Bonn.
1434 5075 1501 5128 1888
1526 5079 1589 5129 sasc.
1607 5075 1648 5141 86,
1661 5074 1736 5140 859),
1761 5075 1796 5124 fri
1819 5074 1843 5125 L
1862 5070 2014 5142 Κομιτόδυυ

351 5164 407 5217 κτλ.
426 5165 476 5230 (ed.
495 5165 611 5233 Gsycel.
632 5183 652 5217 s.
672 5163 1018 5233 18851.111ρ.196),του
1035 5170 1068 5231 κβ
1086 5167 1111 5217 L
1132 5158 1267 5233 Ac'pqtioc
1286 5160 1509 5231 Κομ(16ουκιλ.
1530 5162 1714 5226 (eleilchen
1732 5163 1783 5214 l..s
1801 5159 1913 5228 p.2354)
1932 5161 2014 5213 aliam

351 5256 527 5306 Mommseuus
551 5253 614 5304 mihi
631 5253 757 5304 iudicavit
780 5253 929 5320 inscriptam
947 5252 972 5312 ιζ
990 5253 1015 5304 L
1032 5246 1192 5320 Aripqliwr'
1187 5247 1344 5302 Αντωνίνου
1362 5265 1407 5298 και
1400 5244 1570 5334 Koppro'dou
1584 5245 1727 5318 heordpen
1740 5251 1775 5313 (a.
1792 5246 1849 5312 1761
1851 5246 1887 5311 7).
1924 5248 2013 5301 Etiam

351 5341 377 5390 in
396 5340 471 5391 titulo
490 5341 568 5391 CICr
588 5337 658 5391 4768
676 5357 728 5391 nou
751 5340 842 5391 dubito
860 5340 922 5406 quin
941 5341 1097 5392 Latronnius
1118 5339 1179 5392 Reo
1205 5339 1283 5392 daa'
1273 5355 1367 5390 ιιιιινκ.
1386 5337 1418 5388 de
1436 5336 1554 5403 I'Eyypte
1571 5334 1596 5400 8,
1606 5333 1658 5388 309
1686 5335 1750 5387 salso
1772 5336 1956 5401 interpretatus
1978 5337 2014 5387 ι11

350 5421 427 5482 le
444 5427 513 5492 quod
531 5434 570 5477 est
588 5420 659 5482 Li(
732 5426 753 5490 ¹)
773 5428 869 5478 frustm
891 5427 1040 5478 Dodwellus
1058 5427 1076 5478 l.
1088 5444 1109 5480 s.
1128 5445 1152 5494 p.
1165 5424 1207 5492 90,
1220 5437 1278 5476 ιο-
1282 5437 1306 5476 ιι
1328 5425 1380 5476 iam
1398 5423 1574 5475 Ptolomaeum
1594 5423 1768 5474 demonstrare
1786 5421 1885 5473 studuit
1908 5420 2011 5474 Galbae

351 5528 451 5564 annum
469 5530 522 5564 uon
540 5513 650 5564 novisse.
688 5513 783 5566 eisdem
802 5515 871 5566 enim
890 5515 1052 5580 argumentis
1070 5516 1167 5567 efficias
1183 5513 1358 5565 Ptolemaeum
1376 5511 1472 5563 Neroni
1490 5527 1570 5562 anuos
1583 5511 1653 5574 Xlll,
1672 5509 1772 5561 Galbae
1783 5524 1864 5560 unum
1877 5507 2010 5562 tribuisse.

351 5597 373 5663 ⁴)
392 5601 425 5651 cl.
437 5600 610 5667 G.K.Vnger
632 5599 801 5668 Chroaolopis
822 5601 866 5652 das
887 5599 1010 5653 Μσυι11ιο
1031 5599 1101 5668 pta
1165 5597 1506 5654 accasamentis
1520 5597 1665 5664 Africanus
1675 5595 1731 5648 aad
1752 5595 1793 5648 dia
1806 5593 2006 5663 Byzantiniscbe

351 5684 563 5754 Chroaopraptie
578 5688 602 5737 lI
616 5686 630 5736 l
649 5704 674 5754 p.
687 5685 739 5739 886
749 5704 804 5754 sqq.
