4552 6308
681 365 729 418 AB
748 363 982 420 nsuuononls
1001 341 1277 421 ALEXANDRINIS
1296 365 1455 421 CONDl'PI.
1832 370 1895 432 443

242 541 395 620 quattuor
415 537 513 622 igitur
534 537 671 624 imperia
693 539 725 602 in
748 538 812 604 duo
837 547 1067 606 conuenerunt
1088 539 1164 607 ΕΗ.
1210 539 1330 626 qnippe
1354 538 1469 604 55555
1494 548 1590 626 pacto
1614 561 1678 626 quc
1700 539 1801 604 Marci
1817 538 1896 604 Veri

241 639 411 705 Commodi
439 641 575 727 imperia
598 648 764 707 55555555
791 643 929 708 vidimus
961 665 1058 732 supra
1083 665 1114 730 p.
1132 646 1194 708 439
1207 664 1265 728 sq,
1289 644 1387 708 etiam
1417 664 1477 730 per
1507 643 1695 709 Caracallae
1726 644 1895 729 imperium

240 765 340 810 annos
364 743 512 831 Septimii
528 745 640 811 Severi
663 748 695 812 in
712 751 864 835 Aegypto
888 750 1090 814 continuatos
1114 768 1185 812 esse
1209 749 1329 812 nummi
1353 748 1549 833 chartaeque
1573 753 1674 813 555555
1696 755 1778 812 sunt.
1824 753 1896 812 utra

239 849 338 933 igitur
361 849 490 914 canonis
514 849 616 915 forme
638 853 779 938 genuina
802 854 852 936 sit,
875 853 1080 918 5555155115
1104 852 1233 917 dixeris.

343 950 479 1016 Gravius
502 954 563 1018 hoc
591 956 751 1042 estquod
775 957 843 1020 LH
861 957 1013 1043 Philippo
1037 976 1138 1021 annos
1155 956 1231 1038 VII,
1261 955 1356 1019 Gallo
1381 961 1414 1020 et
1436 955 1614 1020 Volusiano
1637 954 1682 1038 Π,
1706 954 1830 1020 515555
1853 953 1894 1030 F,

241 1075 378 1138 quocum
401 1054 502 1120 fastos
518 1059 704 1123 consulares
721 1059 934 1125 Heraclianus
957 1061 1065 1125 facere
1088 1082 1119 1146 p.
1136 1063 1196 1124 301
1222 1058 1371 1139 vidimus,
1394 1056 1443 1120 VI
1459 1064 1493 1123 55
1508 1057 1559 1122 ΙΠ
1581 1057 1744 1139 adscribit,
1769 1078 1841 1122 cum
1864 1057 1896 1120 in

240 1156 414 1224 Deciorum
437 1182 522 1226 anno
545 1183 608 1226 uno
633 1183 745 1227 omnes
774 1165 986 1229 consentiant.
1032 1163 1126 1228 huius
1149 1162 1312 1227 dissensus
1336 1183 1434 1227 causa
1462 1167 1574 1248 aperta
1600 1183 1689 1226 error
1711 1169 1762 1226 555
1784 1162 1893 1226 555515

241 1264 403 1348 quomodo
426 1271 522 1330 natus
545 1273 579 1331 55
601 1268 745 1353 utrisque
770 1270 961 1350 eommunis,
992 1268 1079 1354 quod
1102 1267 1228 1348 Deciis,
1260 1287 1394 1353 quorum
1423 1266 1498 1332 inde
1521 1266 1562 1330 ab
1587 1271 1759 1330 auctumno
1784 1285 1813 1330 a.
1832 1269 1893 1329 249

240 1387 271 1452 p.
289 1365 364 1432 Chr.
388 1369 408 1434 i.
426 1389 454 1433 e.
478 1377 627 1434 currente
651 1392 678 1436 5.
698 1371 780 1438 Phil.
797 1376 858 1436 573
883 1393 984 1459 usquc
1008 1371 1051 1436 ad
1074 1380 1256 1436 extremum
1280 1393 1309 1436 a.
1332 1393 1362 1457 p.
1380 1369 1455 1435 Chr.
1473 1375 1533 1435 251
1560 1371 1602 1450 (a.
1619 1370 1703 1436 Phil.
1721 1372 1782 1433 575
1800 1367 1896 1452 555.)

240 1472 410 1558 imperium
434 1473 504 1554 fuit,
527 1494 589 1538 non
615 1474 689 1556 duo,
712 1483 748 1541 ut
772 1478 923 1562 oportuit,
948 1476 1006 1541 sed
1027 1497 1109 1541 nnus
1126 1475 1313 1560 adsignatus
1329 1480 1380 1539 est
1395 1495 1507 1555 annus,
1531 1474 1616 1539 Phil.
1633 1477 1694 1537 574
1719 1472 1896 1538 secundum

240 1575 313 1652 LH,
331 1580 392 1640 573
417 1577 592 1643 secundum
609 1578 649 1644 F.
695 1580 757 1644 hcc
780 1581 877 1666 igitur
896 1582 1009 1646 vitium
1033 1581 1086 1666 qui
1102 1580 1262 1666 Philippis
1285 1587 1372 1644 recte
1388 1579 1437 1643 VI
1460 1601 1560 1644 annos
1576 1578 1746 1664 adscripsit
1761 1577 1798 1642 F
1808 1578 1894 1641 malc

239 1679 382 1744 correxit
417 1687 512 1745 aucto
542 1681 627 1746 Galli
662 1689 696 1748 et
718 1683 886 1749 Volusiani
917 1685 1069 1771 imperio,
1100 1683 1166 1748 LH
1195 1690 1345 1769 corrupto
1373 1683 1516 1769 Philippi
1552 1702 1697 1747 numero.
1741 1680 1800 1746 ssd
1830 1701 1894 1767 quo

240 1783 363 1848 facilius
383 1805 436 1848 res
458 1785 678 1872 intellegatur,
703 1789 794 1852 iuxta
817 1809 936 1875 ponam
960 1808 1054 1853 veros
1078 1794 1112 1853 55
1134 1795 1300 1874 corruptos
1322 1808 1474 1852 numeros

562 2133 704 2220 Philippi
726 2133 827 2220 petru
850 2140 885 2198 et
906 2131 963 2196 nn
1066 2138 1086 2199 a
1140 2135 1203 2197 ιιι
1275 2135 1292 2195 ι
1347 2097 1437 2197 aral
1480 2136 1500 2197 5
1555 2135 1617 2196 ιιι

562 2306 738 2372 Decianum
909 2259 1011 2267 ψ
1023 2097 1224 2508 ¹&
1278 2189 1431 2528 1&
1482 2307 1501 2367 2
1555 2309 1617 2370 574

563 2480 649 2544 Galli
673 2486 707 2544 55
728 2479 896 2546 Volusiani
1022 2431 1108 2542 *3-
1140 2483 1202 2544 576
1274 2480 1293 2540 2
1348 2483 1431 2594 576ι
1482 2481 1501 2541 2
1555 2482 1618 2544 576

239 2671 382 2716 errorem
405 2654 475 2739 quis
498 2655 705 2737 commiserit,
728 2655 883 2719 nescitur:
909 2654 986 2717 55515
1008 2653 1175 2738 antiquum
1200 2671 1271 2716 esse
1294 2657 1394 2738 patet.

345 2772 425 2838 Post
447 2773 687 2840 Diocletianum
710 2774 792 2839 fides
817 2774 948 2839 canonis
964 2773 1134 2838 vaccillare
1159 2774 1277 2857 eoepit.
1316 2792 1512 2858 quamquam
1530 2771 1617 2858 quod
1633 2773 1772 2859 primurn
1789 2773 1898 2835 statim

239 2876 375 2941 ⁰ff⁰nd¹t
551 2946 733 3013 Constantii
756 2947 865 3012 Chlori
888 2948 1060 3032 imperium
1083 2966 1240 3011 annorum
1262 2944 1311 3009 IV

551 3049 754 3116 Constantini
776 3050 888 3138 Magni
962 3097 1237 3116 ......
1260 3048 1377 3113 XXIX

238 3153 339 3220 55555
368 3175 431 3240 quo
465 3155 654 3240 explicetur.
701 3175 772 3219 cum
803 3155 888 3219 enim
911 3154 944 3219 in
967 3154 1121 3239 Aegypto
1145 3154 1227 3218 haec
1250 3152 1362 3218 tabula
1384 3159 1475 3233 ncta,
1503 3154 1536 3216 in
1561 3153 1685 3218 criente
1710 3156 1897 3219 continuata

238 3258 290 3338 sit,
313 3279 379 3323 non
403 3258 519 3322 mirum
543 3265 594 3323 est
618 3257 705 3345 quod
727 3263 899 3344 postquam
916 3257 1195 3343 Constantinopoli
1219 3255 1349 3322 condita
1371 3256 1437 3319 5515
1452 3257 1500 3319 551
1522 3257 1772 3341 imperatoribus
1788 3259 1895 3322 oriens

240 3362 357 3447 coepit,
382 3363 592 3448 scriptoribus
615 3361 825 3428 orientalibus
842 3361 1059 3428 occidentales
1082 3363 1296 3447 imperatores
1319 3380 1416 3424 aurae
1433 3380 1497 3423 non
1514 3359 1651 3425 bierunt.
1692 3367 1895 3426 astronomus

238 3464 335 3550 igitur
358 3465 532 3548 orientalis,
556 3487 629 3531 cum
651 3467 753 3530 sclam
777 3466 845 3529 eius
867 3466 1071 3551 imperatoris
1094 3466 1148 3551 qui
1172 3465 1310 3528 Romam
1333 3483 1451 3528 novam
1475 3463 1619 3529 condidit
1635 3464 1766 3530 domum
1790 3467 1895 3552 respi-

238 3574 343 3649 ceret,
370 3567 571 3635 Constantini
602 3577 711 3635 autem
742 3570 913 3656 imperium
942 3571 982 3634 ab
1007 3591 1046 3634 eo
1070 3569 1201 3635 demum
1225 3589 1323 3650 anno,
1358 3588 1422 3653 quo
1446 3567 1612 3654 Augustus
1635 3575 1685 3634 est
1708 3569 1892 3635 declaratus

239 3673 373 3754 (factum
396 3673 430 3738 id
453 3681 503 3738 est
526 3695 554 3738 a.
573 3678 634 3740 308
658 3697 689 3761 p.
706 3673 808 3760 055),
832 3681 1007 3761 repeteret,
1030 3674 1074 3738 nil
1098 3674 1256 3760 reliquum
1280 3672 1340 3736 fuit
1362 3673 1423 3736 nisi
1437 3677 1472 3736 ut
1489 3670 1678 3737 Constantio
1697 3673 1894 3739 Diocletiani

239 3778 416 3842 successori
439 3785 590 3864 quattuor
612 3799 713 3843 annos
737 3779 829 3843 daret
840 3780 873 3860 ¹).
921 3777 1121 3843 Constantini
1144 3778 1243 3863 ipsius
1272 3777 1373 3841 fertur
1394 3781 1579 3862 postremus
1601 3797 1703 3842 annus
1727 3776 1812 3843 Phil.
1831 3783 1895 3843 660

238 3878 390 3946 55515555
412 3883 445 3946 15
468 3882 498 3948 5.
514 3882 613 3947 XXX
635 3905 677 3947 5.
701 3883 777 3948 5511
793 3904 823 3948 a.
846 3906 877 3970 p.
896 3882 969 3948 Chr.
986 3884 1059 3965 337,
1084 3902 1155 3946 555
1179 3886 1322 3946 mortuus
1346 3881 1386 3944 sit
1410 3879 1440 3946 d.
1465 3879 1565 3946 XXII
1588 3881 1734 3947 eiusdem
1758 3883 1892 3947 mensis:

237 3983 299 4048 hoc
321 3985 419 4070 igitur
442 3985 613 4051 discrimen
635 3985 720 4051 VIII
747 3986 872 4052 dierum
902 3987 998 4052 facile
1028 3986 1201 4071 intellegas
1231 4005 1296 4048 non
1324 3991 1448 4048 tantum
1472 3985 1574 4049 51555
1598 4005 1669 4052 esse
1694 3992 1891 4068 astronomo,

237 4096 372 4174 propter
395 4090 483 4177 quod
505 4092 693 4177 imperatori
716 4097 819 4156 55555
843 4112 963 4155 55555
986 4089 1144 4156 demeret.
1259 4083 1260 4088 ’

340 4195 377 4259 15
410 4197 550 4260 numeris
580 4197 732 4282 exempla
763 4202 873 4261 nostm
901 4195 966 4258 iarn
994 4195 1091 4280 plane
1123 4194 1326 4258 consentiunt
1356 4212 1458 4278 usque
1489 4192 1531 4256 ad
1553 4192 1684 4258 Phocae
1709 4214 1892 4274 excessum,

238 4299 382 4382 quamvis
411 4298 572 4364 diversum
599 4300 722 4365 fontem
752 4301 927 4364 laterculus
950 4298 1165 4363 Heraclianus
1194 4296 1320 4382 prodat.
1365 4317 1407 4361 ne
1432 4317 1540 4361 errore
1564 4295 1695 4383 quidem
1718 4298 1801 4362 ullus
1825 4297 1891 4374 dis·

237 4421 350 4466 sensus
373 4409 460 4468 ortus
484 4410 542 4468 cst.
590 4405 677 4468 velut
699 4405 831 4470 vitiosos
855 4401 1128 4490 deprehendimus
1150 4421 1302 4466 numeros
1324 4401 1357 4465 in
1372 4402 1505 4465 Ioviano
1530 4407 1564 4464 55
1585 4402 1741 4486 proximis
1762 4423 1890 4468 succes-

237 4505 372 4572 soribus.
418 4505 561 4572 Iulianus
584 4530 656 4573 cum
679 4515 824 4573 mortuus
848 4514 933 4572 55555
949 4507 980 4571 5.
998 4505 1114 4571 XXVI
1136 4527 1178 4570 5.
1201 4506 1265 4571 155.
1290 4526 1319 4568 a.
1338 4507 1399 4568 363
1424 4524 1454 4589 p.
1473 4501 1547 4569 Chr.
1573 4505 1707 4591 eiusque
1724 4525 1892 4571 successor

236 4607 386 4674 Iovianus
418 4610 448 4675 d.
471 4610 571 4676 XVII
605 4633 647 4676 m.
674 4613 755 4678 febr.
782 4617 854 4693 364,
890 4612 1040 4676 Iovianus
1073 4617 1139 4674 555
1171 4630 1235 4675 555
1269 4607 1381 4673 debuit
1413 4609 1445 4671 in
1477 4608 1620 4673 tabulam
1651 4609 1764 4674 reterri
1796 4631 1891 4696 quam

236 4713 322 4777 Otho
338 4712 489 4779 Vitellius
512 4716 579 4796 alii,
605 4715 663 4781 sed
687 4737 788 4781 annus
818 4715 902 4781 Phil.
918 4718 997 4794 687,
1027 4735 1089 4801 quo
1113 4719 1262 4778 currente
1287 4711 1375 4794 (inde
1400 4711 1467 4776 ad.
1485 4709 1584 4776 XXV
1606 4733 1648 4776 rn.
1665 4714 1739 4777 551.
1756 4715 1834 4796 363)
1860 4721 1892 4780 55

235 4815 378 4881 15115555
401 4817 616 4906 lovianusque
640 4820 757 4884 mortui
784 4827 858 4884 5555
887 4828 919 4884 55
942 4820 1188 4885 ValentInicnus
1211 4818 1382 4906 imperium
1409 4817 1549 4902 accepit,
1578 4817 1755 4883 seeundum
1780 4819 1889 4904 legem

236 4940 299 4984 non
322 4922 427 5006 potuit
450 4923 509 4986 nisi
532 4921 761 4988 Valentiniano
785 4924 891 4988 tribui.
938 4925 1036 4988 etiam
1060 4923 1279 4988 Valentiniani
1301 4922 1422 5008 quippe
1446 4919 1476 4984 d.
1494 4918 1595 4984 XVII
1618 4942 1659 4984 5.
1683 4943 1755 4986 nov.
1780 4943 1808 4988 a.
1826 4927 1889 4988 375

235 5045 266 5109 p.
284 5023 358 5088 Chr.
375 5028 492 5090 mortui
508 5046 571 5091 non
595 5047 696 5090 annus
713 5026 796 5091 Phil.
813 5031 874 5092 697
899 5025 973 5112 (inc.
992 5030 1032 5090 22
1048 5027 1121 5090 mai.
1139 5025 1216 5109 373)
1233 5025 1345 5090 555515
1359 5030 1543 5110 postremus
1558 5023 1631 5104 dici,
1652 5025 1711 5090 sed
1726 5026 1808 5091 Phil.
1826 5031 1889 5092 608

236 5129 289 5212 qui
324 5130 513 5193 terminatur
547 5129 577 5192 d.
601 5129 683 5193 XXI
711 5151 753 5193 5.
781 5131 854 5194 551.
883 5151 913 5195 5.
936 5134 1009 5195 375.
1064 5130 1162 5214 igitur
1194 5136 1231 5193 ut
1263 5129 1448 5192 testimonia
1480 5126 1626 5193 codicum
1661 5136 1888 5217 correctosque

234 5252 385 5296 numeros
411 5234 441 5296 15
465 5239 640 5319 conspeetu
663 5255 792 5319 ponam,
816 5233 946 5298 tradunt

235 5339 357 5346 --—..
402 5341 647 5348 -.-—--.----.-.

342 5407 564 5472 ¹)Constantinus
583 5417 698 5478 patrem
673 5417 798 5462 55ιοι5
758 5410 928 5476 oimperator
951 5426 968 5460 a
991 5409 1116 5460 militibus
1142 5408 1319 5460 consalutatus
1342 5409 1468 5460 ‘Caesaris
1487 5409 1658 5476 appellatione
1676 5411 1820 5462 contentus'
1839 5413 1890 5463 tuit

234 5493 277 5558 (cl.
295 5512 418 5563 panegyr.
438 5495 641 5561 lat.or.V15),
665 5497 757 5548 551555
780 5513 833 5548 una
856 5512 916 5547 curn
941 5497 1082 5547 Maximino
1105 5511 1121 5546 a
1138 5494 1241 5546 Galerio
1266 5511 1290 5546 5.
1304 5493 1354 5547 307
1374 5495 1443 5546 lilius
1461 5498 1652 5562 Augrmtorum,
1670 5495 1782 5562 denique
1799 5514 1824 5549 a.
1837 5495 1889 5549 308

233 5585 370 5650 Angustus
392 5581 477 5635 dictus
502 5591 549 5634 555
587 5585 620 5634 51.
638 5582 736 5633 555551
760 5582 842 5634 doctr.
860 5600 885 5633 n.
905 5599 929 5633 v.
949 5581 974 5646 8,
988 5580 1070 5647 7255.
1106 5582 1140 5632 Η.
1159 5580 1268 5632 Sehillcr
1296 5580 1441 5632 caeteta
1465 5582 1513 5633 der
1536 5581 1678 5633 5655555555
1703 5582 1845 5634 Kcicerzcit
1863 5582 1887 5648 2,

234 5667 380 5722 lea-172.
399 5668 458 5722 179.

336 5779 465 5817 armonica
483 5779 519 5816 ιιι.
1647 5762 1681 5816 57
