4554 6316
385 363 448 426 372
915 359 936 416 I.
955 358 1061 414 FASTI
1079 357 1239 415 THEONIS
1257 357 1522 418 ALEXANDRINI.

488 533 596 599 Etiam
627 534 771 620 apertius
800 533 977 598 Theoneae
1012 534 1143 620 originis
1177 535 1270 621 qnasi
1302 535 1419 620 pignus
1453 537 1557 601 altera
1589 534 1653 600 duo
1682 555 1888 600 numerorum
1917 555 2040 620 genera

386 637 552 720 adferunt,
587 638 703 724 quibus
732 639 815 703 haec
844 638 955 703 tabula
984 639 1160 703 instruitur.
1205 639 1337 724 singulis
1366 639 1453 704 euim
1475 638 1618 727 Philippi
1649 645 1682 704 et
1702 637 1843 724 Augusti
1865 640 1956 704 annia
1979 639 2038 703 ad-

385 741 566 807 scribuntur
588 743 684 807 tertio
714 743 785 806 loco
814 737 960 808 ε’πακταὶ
988 733 1061 829 ῆτοι
1091 736 1283 826 ἐμβόλιμοι,
1315 749 1428 828 quarto
1458 738 1709 830 τετραετηρίδες.
1752 743 1839 824 illae,
1862 748 1898 806 ut
1919 763 2039 807 nomen

383 848 488 932 ipsum
511 841 686 931 ἐμβόλιμοι
710 846 823 928 docet,
856 846 925 912 dies
959 853 1032 911 sunt
1054 845 1129 912 inde
1161 848 1202 912 ab
1234 868 1274 912 eo
1304 853 1451 934 tempore
1483 868 1546 934 quo
1568 848 1693 912 initium
1716 847 1791 911 anni
1812 845 1887 932 vagi
1909 847 1941 910 in
1964 866 2039 910 enm

383 951 502 1015 mensis
537 952 630 1016 thoth
666 950 753 1015 diem
784 951 923 1036 primum
955 949 1098 1015 incidere
1132 951 1240 1036 coepit
1273 951 1306 1014 in
1336 971 1399 1036 quo
1429 949 1642 1016 Alexandrini
1669 949 1859 1037 principium
1889 949 1965 1014 anni
1990 949 2040 1013 sui

383 1054 533 1136 fixerunt,
563 1054 606 1119 ab
635 1054 864 1119 Alexandrinis
893 1055 1089 1128 intercalati;
1124 1055 1187 1119 hae
1223 1059 1370 1140 quartam
1402 1053 1467 1118 dici
1496 1060 1623 1140 partem
1650 1053 1792 1119 indicant
1814 1073 1897 1117 enno
1921 1053 2036 1138 cuique

382 1178 447 1222 non
469 1158 714 1224 adcrescentem
738 1158 796 1223 sed
820 1164 994 1244 postquam
1018 1158 1161 1223 adcrevit
1185 1158 1355 1222 adiectam.
1401 1157 1459 1223 sed
1482 1164 1628 1244 praestat
1655 1159 1760 1245 ipsum
1788 1155 1955 1221 Thoonem
1978 1155 2038 1220 do-

384 1267 512 1326 oontem
535 1262 658 1344 andire,
683 1263 739 1348 qui
761 1273 794 1326 et
816 1262 848 1327 in
872 1263 1104 1328 commentario
1128 1263 1285 1348 ampliore
1301 1263 1352 1328 18
1376 1262 1422 1349 (V
1439 1265 1514 1328 298²
1536 1262 1570 1326 M
1587 1263 1658 1346 46¹)
1683 1262 1769 1326 etin
1791 1260 1978 1326 monobiblo
1995 1258 2039 1324 ad

384 1365 601 1453 Epiphanium
635 1366 753 1452 scripto
789 1387 815 1432 c.
844 1372 857 1430 1
890 1387 920 1452 p.
943 1370 983 1431 30
996 1387 1043 1451 sq.
1082 1365 1133 1431 ed.
1157 1365 1297 1431 Halmaa
1333 1365 1402 1451 (vei
1433 1367 1466 1431 in
1495 1365 1655 1433 Dodweili
1685 1365 1760 1430 diss.
1789 1363 1938 1451 Cyprian.
1962 1385 2038 1450 app.

382 1493 413 1558 p.
436 1474 493 1534 110
507 1471 568 1556 sq.)
594 1491 699 1557 paene
724 1469 848 1535 eisdem
870 1471 978 1535 verbis
999 1492 1075 1536 usus
1099 1470 1139 1535 de
1163 1472 1212 1536 his
1235 1471 1332 1536 rebus
1355 1471 1445 1537 dixit.
1491 1471 1619 1558 adpono
1641 1471 1747 1535 locum
1771 1470 1873 1555 qualis
1894 1469 1927 1532 in
1949 1489 2037 1532 com-

383 1574 541 1638 mentario
579 1572 701 1638 inedito
735 1574 870 1660 legitur,
906 1574 1061 1639 librorum
1075 1575 1142 1640 VM
1174 1574 1230 1660 (cf.
1252 1596 1349 1661 supra
1377 1596 1410 1661 p.
1427 1579 1500 1657 360,
1514 1574 1548 1661 2)
1581 1580 1614 1639 et
1645 1572 1822 1639 monobibli
1857 1572 2038 1636 Theoniani

384 1678 432 1764 (Θ
457 1675 576 1764 dicam)
603 1676 819 1763 discrepantia
847 1679 1002 1744 indicata:
1036 1700 1231 1766 quamquam
1265 1679 1440 1744 dictionem
1465 1680 1492 1744 si
1524 1677 1652 1766 quando
1686 1677 1895 1743 monobibion
1923 1677 2037 1756 variat,

381 1780 536 1845 adnotare
561 1781 663 1846 omisi.
708 1781 790 1847 haec
812 1782 910 1868 igitur
933 1783 1025 1848 Theo
1044 1784 1220 1906 praecipit:

485 1877 560 1971 ἑξῆς
593 1881 629 1949 δέ
664 1879 917 1968 λαμβάνεται”
898 1910 975 1952 ove
1010 1882 1076 1975 μὴν
1108 1885 1165 1952 καὶ
1197 1879 1217 1975 ἡ
1251 1879 1356 1974 ἡμέρα
1388 1887 1458 1951 κατ’
1482 1879 1693 1970 Αἰγυπτίους
1721 1875 1814 1950 τόνδε
1846 1875 1947 1947 πόλιν
1979 1876 2038 1948 τόν

381 1979 513 2071 τρόπον.
559 1983 694 2054 inei*
657 2011 718 2074 γαρ
740 1981 758 2054 δ
780 1989 860 2053 καθ’
881 1983 1082 2113 “Ελληνας”
1059 2015 1133 2077 ητοι
1156 1985 1242 2056 κατὰ
1261 1983 1496 2076 Ἀλεξανδρέας
1524 1979 1806 2069 άναδιδόμενος“
1788 1989 1869 2074 ημῖν
1890 1979 2039 2063 ἐνιαυτός

380 2085 509 2178 ἡμερῶν
530 2087 601 2157 ἔστι
623 2093 678 2172 τξε
701 2089 758 2157 καὶ
780 2087 945 2216 τετάρτου,
969 2087 987 2161 ὃ
1012 2093 1049 2160 δε
1071 2089 1156 2160 κατὰ
1179 2089 1256 2174 τοὺς
1278 2089 1491 2180 Αἰγυπτίους
1515 2087 1615 2179 (τοὺς)
1641 2081 1849 2168 παλαιοίς
1832 2089 2037 2176 ἡμερῶνε
1980 2089 2037 2170 τξε

380 2191 497 2277 μόνων,
522 2187 664 2282 δῆλον“
643 2220 687 2274 ως
709 2189 761 2262 δτι
783 2191 869 2262 κατά
891 2192 946 2284 ἐτη
967 2193 1111 2284 τέσσαρα
1135 2191 1300 2321 ἡμέραν
1281 2193 1361 2280 μίαν
1384 2193 1402 2265 ὁ
1425 2223 1488 2264 κατ
1489 2191 1725 2283 Ἀἰγυπτίους
1740 2187 1902 2271 ἐνιαύσιος
1922 2187 2037 2279 χρόνος

381 2291 665 2422 προλαμβάνει
630 2322 688 2366 τον
710 2300 780 2364 κατ’
805 2292 1052 2386 Ἀλεξανδρείας,
1076 2297 1160 2367 κατὰ
1184 2299 1220 2368 δὲ
1243 2303 1316 2392 αυξ
1338 2296 1485 2368 ἐνιαυτόν
1507 2299 1563 2367 tva
1585 2325 1642 2366 και
1633 2291 1812 2364 ⁸miiev⁰
1789 2321 1859 2379 αμα
1881 2297 2038 2362 ποιοῦσιν
2079 2311 2091 2350 ⁵

381 2400 417 2466 οί
436 2424 472 2465 τε
493 2395 579 2465 κατὰ
609 2397 669 2490 τὴν
694 2394 941 2487 Ἀλεξάνδρειαν
973 2401 1030 2469 καὶ
1062 2399 1094 2470 οἰ
1127 2400 1212 2469 κατὰ
1241 2400 1301 2493 τὴν
1323 2398 1560 2490 Ai‘yvmoc⁸
1523 2428 1583 2492 την
1605 2395 1706 2529 όρχὴν
1727 2426 1783 2467 τοο
1770 2398 1957 2465 ἕνιαυτου
1978 2396 2037 2465 καί

381 2497 516 2628 ἑξῆς
479 2527 539 2582 τας
561 2497 685 2591 ἡμέρας
708 2505 764 2570 καὶ
780 2532 858 2586 τους
871 2507 986 2596 μῆνας,
1011 2532 1073 2574 κατ
1074 2505 1309 2632 Ἀἰγηπτίους
1323 2533 1381 2575 του
1398 2503 1513 2595 χρόνον
1529 2504 1639 2574 όλον’
1624 2501 1770 2572 ενιαοτόν
1786 2499 2036 2628 προειληφότος,

380 2603 437 2671 καὶ
460 2603 493 2671 έν
515 2631 554 2694 τη
544 2600 658 2696 γάρχῆ
681 2604 783 2675 πόλιν
806 2635 863 2676 του
850 2607 1002 2700 Ηέξῆς
986 2635 1133 2677 ενιαυτου
1159 2605 1312 2699 άρχονται
1337 2608 1368 2678 oi
1387 2607 1575 2697 Αἰγύπτιοι
1597 2613 1645 2697 τηῖ
1666 2604 1810 2696 τετάρτῳ
1832 2608 1891 2696 τῆς
1913 2601 2038 2695 ἡμέρας

380 2705 626 2796 προλαμβάνειν
649 2709 706 2779 καὶ
730 2709 807 2801 ἑξῆς
830 2707 1033 2794 άκολοόθιος.
1078 2714 1202 2802 γέγονεν
1225 2709 1299 2782 δέ(
1283 2740 1303 2840 η
1327 2711 1476 2802 εἰρημένη
1499 2709 1555 2781 διὰ
1574 2712 1683 2804 αυξ’
1667 2713 1748 2779 ετῶν
1764 2705 2038 2834 ἀποκατάστασις

381 2806 453 2880 άπό
476 2837 565 2892 τινος
587 2807 687 2903 ἀρχῆς
709 2813 824 2903 χρόνου
846 2843 893 2906 την
918 2818 1062 2907 πέμπτῳ
1085 2816 1150 2886 ἔτει
1173 2821 1233 2908 τῆς
1247 2813 1444 2906 Αὐγούστου
1466 2810 1693 2903 βασιλείας(
1670 2843 1715 2896 ως
1737 2815 1773 2881 ἐκ
1793 2810 1910 2882 τούτου
1932 2808 2035 2878 πάλιν
2063 2829 2089 2866 ¹⁰

380 2911 439 3004 τὴν
462 2909 562 3006 όρχὴν
584 2913 751 3004 εἰληφέναι
772 2915 850 3000 τούς
872 2917 1083 3007 Αἰγυπτίους
1108 2917 1354 3010 προλαμβάνειν
1375 2924 1423 3006 τῷ
1445 2917 1588 3009 τετάρτῳ
1611 2918 1701 3004 μέρει
1728 2913 1825 3008 τῆς(
1809 2917 1932 3007 ἡμέρας
1953 2918 2034 2982 καθ’

381 3018 519 3087 ἕκαστον
540 3017 697 3088 ἐνιαυτόν.
742 3018 821 3089 ὅταν
843 3013 899 3091 οόν
922 3018 992 3092 ἀπὸ
1015 3027 1075 3092 τοῦ
1100 3029 1178 3092 καθ’
1195 3023 1351 3114 ’Έλληνας
1372 3019 1446 3113 ῆτοι
1477 3020 1562 3090 κατὰ
1590 3017 1821 3108 Ἀλεξανδρέας
1842 3017 1955 3106 χρόνον
1976 3016 2036 3085 τόν

380 3149 416 3191 τε
438 3127 509 3191 κατ’
532 3122 744 3212 Αἰγυπτίους
774 3131 863 3218 μῆνα
896 3127 952 3196 καὶ
984 3126 1043 3220 τῆν
1073 3125 1196 3220 ἡμέραν
1225 3130 1375 3216 θέλωμεν
1398 3125 1580 3218 έφοδεόειν,
1610 3130 1675 3193 τῶν
1703 3121 1773 3194 α’πδ
1795 3127 1855 3191 τοῦ
1876 3123 2035 3207 πέμπτου

380 3224 472 3308 έτους
494 3225 692 3317 Λόγοόστου
718 3231 812 3318 μέχρι
834 3234 894 3299 τοῦ
917 3227 1154 3360 άγαδιδομένου
1180 3231 1294 3359 χρόγου
1307 3233 1542 3363 συναγομένων
1564 3231 1645 3298 έτῶν
1667 3226 1705 3298 τὸ
1727 3228 1881 3315 τέταρτον
1903 3223 2035 3311 λαμβά-

381 3357 489 3454 νοντες
511 3329 624 3400 6t6⁸
589 3358 627 3400 το
651 3329 695 3414 ῶς
717 3331 843 3424 ε”φαμεν
865 3333 951 3403 κατὰ
972 3335 1117 3424 τέσσαρα
1133 3335 1187 3426 ἐτη
1203 3336 1285 3422 μίαν
1299 3333 1423 3462 ἡμέραν
1439 3332 1558 3415 αότοός
1572 3328 1825 3423 προλαμβάνειν,
1849 3331 2034 3454 παρεῶντες
2062 3355 2088 3394 ιι

379 3433 421 3502 τὰ
445 3430 694 3522 ὑπολειπόμενα
723 3437 880 3525 μέχρις
864 3442 954 3506 ετῶν
972 3444 1070 3528 τριῶν
1096 3438 1248 3529 γινόμενα
1272 3439 1385 3510 διὰ“
1350 3469 1388 3509 το
1411 3441 1523 3529 μέχρις
1544 3442 1609 3507 τῶν
1637 3440 1736 3524 τριῶν
1765 3435 1845 3503 ἑτῶν
1867 3433 1923 3500 καί
1946 3429 2036 3521 ἡμᾶς

380 3536 539 3625 καθάπερ
570 3539 627 3606 καὶ
661 3537 737 3621 τοὺς
770 3541 937 3623 παλαιοίς
967 3543 1178 3631 Αἰγυπτίους
1205 3542 1263 3614 τδν
1292 3541 1456 3612 ἕνιαόσιον
1477 3539 1591 3670 χρόνον
1617 3535 1848 3628 λογίζεσθαι(
1831 3541 2036 3664 ημεριῆνε
1979 3544 2036 3622 τξε

379 3640 488 3728 μόνιον
518 3643 576 3709 καὶ
606 3640 662 3710 διὰ
692 3669 789 3712 τουτο
815 3646 916 3734 μηδὲν
945 3645 1116 3734 γίγνεσθαι
1144 3648 1256 3735 μέχρις
1286 3651 1351 3714 τῶν
1377 3649 1475 3733 τριῶν
1496 3645 1578 3713 ε’τῶν
1600 3641 1758 3733 διάφορον
1781 3640 1873 3729 παρὰ
1894 3640 1953 3732 τὴν
1974 3651 2036 3711 τοῦ

379 3743 536 3834 τετάρτου
567 3745 738 3830 έπουσίαν,
769 3746 827 3816 τὸν
857 3750 893 3817 δὲ
922 3750 1123 3838 τέταρτον
1107 3749 1256 3820 ενιαυτδν
1285 3744 1526 3839 λογίζεσθαιἱ
1509 3751 1638 3840 ἡμερῶν
1666 3749 1741 3829 τξς,
1765 3748 1822 3813 καί
1845 3746 1917 3815 δέον
1938 3741 2033 3832 εἰναι,

381 3847 460 3918 ὅταν
491 3847 551 3939 τὴν
580 3850 616 3916 έι
646 3855 706 3918 τοῦ
735 3849 891 3940 τετάρτου
921 3854 1137 3945 σοναγομένην
1166 3851 1290 3946 ἡμέραν
1318 3850 1542 3941 λογιζώμεθα,
1571 3847 1647 3919 τότε
1678 3851 1735 3917 καί
1763 3847 1801 3918 τὸ
1830 3853 1900 3917 κατ’
1929 3846 2031 3975 αότὴν
2060 3869 2088 3910 ²0

380 3953 502 4086 κίνημα
530 3953 822 4041 παραλαμβάνειν·
855 3957 968 4043 έξομεν
996 3955 1090 4040 ὅσαις
1112 3955 1250 4050 ἡμέραις
1272 3952 1506 4082 προείληφεν
1493 3984 1511 4025 ο
1535 3958 1605 4023 κατ’
1621 3951 1826 4043 Λίγιπτίους
1845 3951 1957 4040 χρόνος
1978 3952 2036 4022 τόν
2128 4003 2131 4008 ι

380 4085 442 4126 κατ
444 4053 722 4145 ’Ἀλεξανδρέας,
753 4061 879 4188 ριίτιγες
906 4064 1081 4130 καλοῦνται
1109 4057 1400 4151 τετραατηρίδες”
1378 4087 1453 4152 ητοι
1482 4049 1726 4147 ἕμβόλιμοιΛ
1702 4085 1742 4138 ας
1769 4056 1972 4146 προσθέντες
1994 4061 2036 4148 τῇ

381 4158 586 4251 όναδοθείση
609 4165 669 4230 τοῦ
691 4161 792 4252 μηνός
814 4159 920 4287 ἡμέρηι
942 4170 1002 4292 τῆς
1025 4163 1254 4255 προελθούσης
1275 4163 1491 4254 μεσημβρίας,
1513 4161 1570 4231 τὸν
1593 4161 1796 4245 συναχθέντα
1821 4165 1886 4228 τῶν
1907 4155 2036 4288 ἡμερῶν

380 4262 528 4353 άριθμδν
551 4263 800 4352 έκβάλλοντες’
781 4266 851 4337 απὸ
874 4272 933 4360 τῆς
956 4266 1057 4360 ἀρχῆς
1082 4269 1205 4338 ἐκείνου
1227 4273 1286 4338 τοῦ
1307 4266 1417 4358 μηνός,
1442 4263 1569 4356 εκάστην
1559 4293 1671 4355 ιμηνι
1662 4261 1876 4344 διδόντες
1860 4289 1983 4354 ἡμερας
2005 4269 2033 4346 λ

379 4369 428 4451 εἰς
450 4395 487 4438 ον
508 4367 704 4461 καταντῆσαι
727 4375 815 4462 μῆνα
839 4367 856 4440 δ
879 4369 1076 4461 άριθμός,’
1060 4380 1181 4442 εκεῖνον
1204 4371 1352 4464 φήσομεν
1375 4365 1459 4440 εἰναι
1475 4398 1537 4438 κατ
1539 4367 1784 4458 Ἀἰγυπτίους
1806 4365 1867 4448 τὰς
1888 4366 1960 4436 δὲ’
1946 4395 2033 4437 υπο-
2060 4387 2087 4427 2⁵

379 4469 616 4559 λειπομένας
600 4474 724 4563 ἡμέρας
745 4475 951 4564 Αἰγυπτίας.
996 4476 1045 4546 ἔτι
1076 4479 1112 4547 δέ
1140 4479 1196 4546 καί
1224 4473 1332 4568 τὴν
1314 4474 1384 4545 απὸ
1414 4473 1620 4564 μεσημβρίας
1649 4472 1737 4561 ῶραν
1764 4469 1945 4560 ληψόμεθα
1973 4469 2034 4562 τὴν

379 4575 522 4666 έβδόμην
543 4572 698 4670 ἡμερινὴν
721 4577 853 4670 πρώτην
875 4583 1047 4662 καλοῦντες
1070 4581 1126 4648 καὶ
1149 4579 1209 4672 τὴν
1232 4577 1348 4669 ὀγδόην
1371 4579 1522 4666 δευτέραν
1544 4579 1600 4646 καὶ
1624 4576 1699 4667 ἑξῆς
1721 4572 1921 4657 ἀκολούθως.

489 4684 741 4767 παρακολουθεῖ
763 4684 808 4766 δέ,
833 4681 912 4751 ὅταν
935 4680 1040 4752 ὁτῶν
1062 4683 1315 4773 τετραετηρίδιον
1336 4681 1496 4770 μερισμός
1518 4685 1616 4770 τριῶν
1638 4681 1718 4749 ε’τῶν
1741 4679 1934 4769 καταλείπῃ,
1957 4676 2033 4747 τότε

378 4785 435 4854 καὶ
458 4781 517 4874 τὴν
538 4779 662 4875 ἡμέραν
683 4786 879 4875 λογίζεσθαι
902 4791 1006 4874 [τοῦτ’
1030 4787 1101 4856 ἔστι
1123 4785 1183 4879 τὴν
1212 4787 1367 4879 έξὴμερον
1389 4789 1640 4874 ἐπιτελεῖσθαι]
1673 4785 1729 4853 καί
1751 4782 1797 4877 μῆ
1821 4782 1900 4852 όταν
1922 4786 2033 4872 α’παρ-

482 4979 499 5031 4
516 4983 629 5033 conicias
647 4977 736 5050 ἡμέρην
753 4981 807 5050 μιᾷ
824 4985 857 5033 ct.
875 5001 899 5032 ν.
913 4981 938 5032 8.
953 4982 992 5033 11.
1006 4980 1048 5046 21,
1067 4983 1111 5033 sod
1129 4985 1291 5035 consentit&
1371 4984 1388 5035 5
1406 4979 1610 5053 προσλαμβάνει
1629 4981 1653 5030 V
1730 4979 1744 5030 1
1763 4976 1963 5049 προειληφότας
1982 4978 2037 5030 VM

379 5065 411 5120 10
428 5066 574 5135 βασιλείας]
589 5067 656 5136 ττρδς
668 5069 706 5139 τῷ
719 5068 789 5120 τέλει
802 5086 853 5135 mg.
870 5069 895 5117 V
963 5067 995 5118 12
1013 5067 1242 5133 xut'siipvuuV
1308 5069 1340 5121 16
1359 5069 1427 5120 ἐτῶν
1444 5071 1475 5120 V:
1494 5068 1593 5118 τῶνΜ
1601 5066 1776 5134 ονιι.Θτριῶν
1789 5064 1844 5116 τῶν
1855 5060 1901 5116 καί
1912 5063 2033 5133 ἡμᾶσν,

377 5157 421 5208 ssd
435 5159 461 5208 in
478 5174 530 5224 mg.
540 5173 675 5223 γινομενα
685 5153 730 5206 δια
740 5173 770 5206 το
785 5154 945 5224 μεχριστῶν
958 5151 1177 5222 τριῶνέειιμρίολ
1192 5155 1227 5205 V¹
1281 5154 1327 5206 διδ
1345 5156 1375 5207 τό
1479 5155 1510 5206 21
1531 5149 1845 5222 παραλαμβάνεινοιιιθ
1895 5151 1978 5221 μέχρι
1991 5156 2034 5206 hic

376 5251 402 5294 ot
421 5241 497 5294 1811!
569 5239 601 5292 18
624 5237 812 5311 διαφορωνν,
833 5237 1023 5308 διαφορῶνΜ
1099 5241 1131 5292 19
1149 5239 1289 5312 τετάρτου]
1313 5239 1404 5311 τρίτου
1424 5243 1475 5293 VM
1552 5239 1588 5292 20
1604 5235 1771 5306 λογιζόμεθα
1789 5237 1844 5288 VM
1915 5239 1947 5292 21
1965 5237 2033 5308 χρό-

376 5330 491 5379 νονσΜ
555 5327 634 5395 21122
652 5324 702 5378 τόν
719 5326 789 5378 κατα
808 5327 833 5376 V
899 5325 934 5378 22
952 5323 1413 5397 terpa[er]ppcc⁸eucun1rsouraV
1464 5323 1523 5395 ἤτοι
1541 5323 1685 5394 ἐμβόλιμοι
1702 5328 1785 5376 omo
1853 5323 2033 5392 241κβαλόν-

375 5432 423 5468 τεσ
435 5417 466 5468 Μ
587 5415 621 5468 26
639 5411 701 5486 περὶ
722 5409 794 5482 ὥρας
812 5407 868 5464 11'710⁸
885 5411 1057 5484 μεσημβρίας
1075 5416 1246 5482 conpendioss
1265 5434 1315 5483 mg.
1333 5416 1358 5465 V
1473 5413 1585 5467 28-35
1603 5414 1648 5463 vix
1666 5420 1774 5478 possunt
1795 5413 1828 5462 ab
1852 5413 1907 5478 ipso
1929 5414 2033 5466 'Phaone

375 5505 471 5572 scripta
489 5521 552 5569 csse,
572 5505 619 5555 etsi
637 5505 688 5555 iarn
706 5511 768 5554 aute
785 5517 810 5558 a.
823 5500 875 5552 462
893 5518 918 5567 p.
931 5502 990 5552 Chr.
1009 5500 1036 5550 in
1056 5509 1154 5552 tontum
1172 5509 1274 5569 recepta
1290 5509 1364 5554 orant
1433 5501 1467 5552 28
1486 5505 1543 5553 fort.
1559 5497 1628 5550 ἐτῶν
1641 5489 1786 5567 (όριθμόν)
1848 5497 1982 5563 καταλιπη
1995 5499 2033 5551 Μ.

375 5593 402 5643 in
421 5591 444 5641 V
460 5593 528 5657 quod
546 5592 702 5642 adscribitur
720 5590 835 5642 scholion
854 5587 917 5638 anni
934 5584 986 5638 462
1009 5605 1032 5653 p.
1046 5589 1106 5638 Chr.
1125 5605 1203 5655 supra
1221 5607 1245 5656 p.
1259 5587 1345 5654 360st
1362 5589 1450 5640 attuli¹
1524 5584 1602 5650 29f30
1620 5578 1818 5651 ἀπαρτίζεσθαι
1836 5579 1883 5636 διά
1900 5580 1931 5636 τό
1946 5600 2033 5651 μετα-

376 5677 597 5747 τιληριοθηναιλ1
