4552 6308
605 387 639 444 V.
658 387 863 443 LATERCVLI
883 387 1190 443 ASTRONOMORVM
1210 388 1569 445 ALEXANDRINORVM.
1851 394 1914 454 439

260 587 307 651 gr.
326 569 387 629 214
418 564 474 628 tl
506 563 654 628 librarius
683 562 827 626 tabulam
859 562 978 628 codicis
1005 562 1184 628 Florentini
1216 584 1255 627 eo
1288 569 1435 649 tempore
1463 563 1647 652 descripsit,
1687 584 1751 650 quo
1782 563 1914 627 secundi

261 669 491 736 continuatoris
521 667 743 733 additamenta
773 669 838 731 iam
869 669 903 733 in
933 668 1044 733 codice
1073 668 1276 754 legebantur,
1310 669 1424 732 tertius
1454 667 1597 733 nondum
1625 674 1823 750 accesserat,
1848 668 1867 734 i.
1885 689 1914 732 o.

259 776 344 838 inter
366 794 467 838 annos
490 773 559 837 fere
587 777 668 837 1100
693 777 727 837 et
754 775 833 835 1441)
856 793 888 857 p.
907 771 1014 858 Cbr.¹)

364 900 507 958 cctemm
530 893 563 956 in
586 891 698 957 codice
720 891 908 956 Florentino
933 896 1081 955 extremo
1105 890 1127 955 f.
1148 894 1220 954 1291
1243 892 1446 957 continuator
1468 893 1600 957 tabulae
1617 897 1748 979 quartus
1771 892 1912 977 priorem

260 999 391 1063 canonis
414 1003 542 1083 partem
565 1016 584 1060 a
607 997 710 1082 primo
733 997 864 1060 librario
881 997 1065 1081 neglectam
1088 997 1259 1082 supplevit.
1298 998 1351 1062 hic
1364 999 1543 1084 praemisso
1560 998 1652 1062 titulo
1669 997 1918 1062 ΒΑΣΙΛΕΩΝ

260 1096 403 1189 ἄσυρίων
432 1099 488 1166 καί
517 1099 629 1186 μηδων
652 1121 752 1164 annos
776 1121 795 1164 a
817 1100 1030 1166 Nabonasarc
1053 1122 1156 1187 usque
1180 1100 1223 1165 ad
1245 1101 1472 1167 Nabonadium
1495 1108 1661 1184 recenset,
1686 1100 1760 1164 dein
1784 1100 1915 1186 πυρσῶν

259 1206 407 1291 βασιλεῖς
430 1205 593 1288 subiungit
602 1202 627 1286 ²)
651 1224 752 1290 usque
775 1203 817 1267 ad
833 1201 976 1290 Δαρείου
998 1200 1111 1291 τρίτου
1134 1205 1154 1269 d
1177 1229 1238 1286 υις,
1262 1208 1327 1270 iam
1349 1228 1428 1271 vero
1456 1207 1526 1293 ipso
1551 1226 1674 1271 canone
1697 1206 1769 1291 plus
1798 1223 1914 1290 sapere

260 1311 321 1374 sibi
344 1310 430 1373 visus
453 1328 536 1372 novo
561 1307 696 1371 exordio
720 1308 804 1371 facto
829 1308 911 1371 haec
934 1315 1059 1372 tantum
1083 1308 1173 1372 addit

764 1421 922 1515 Ἑλλήνων
943 1428 1109 1513 βασιλεῖς·
1134 1447 1166 1469 ”

665 1620 671 1628 ι
726 1533 923 1627 ἀλεξάνόρου
945 1565 1004 1606 του
1026 1537 1246 1625 μσκεόίόνος).
1361 1518 1399 1628 sd

724 1640 896 1732 φιλίππου
919 1637 1083 1731 ἇριδαίου.
1382 1647 1400 1728 ζ

725 1739 922 1832 ἀλεξάνδρου
945 1741 1055 1815 tillon
1351 1757 1395 1834 ιβ.

258 1893 417 1938 summam
440 1890 597 1934 annorum
621 1869 669 1933 his
692 1871 801 1954 regnis
830 1871 1003 1954 postremis
1026 1891 1090 1934 non
1114 1870 1238 1934 addidit
1266 1871 1402 1936 fortasse
1427 1874 1501 1959 quia
1524 1893 1670 1959 pugnare
1694 1895 1767 1938 cum
1791 1895 1914 1937 canone

258 1979 367 2042 sensit.
412 1975 534 2039 Multae
558 1979 730 2059 praeterea
753 1975 786 2037 in
809 1973 973 2038 codicibus
990 1975 1116 2059 graecis
1131 1977 1333 2040 saeculorum
1349 1976 1555 2042 XIV—XVI
1577 1980 1783 2044 inveniuntur
1799 1999 1912 2062 regum

259 2089 292 2144 et
314 2082 545 2165 imperatorum
574 2076 705 2140 tabulae
736 2077 778 2140 ab
806 2085 1064 2142 astronomorum
1093 2078 1250 2144 laterculo
1274 2081 1503 2166 aliquomodo
1533 2082 1724 2168 pendentes.
1770 2083 1912 2167 exempli

258 2188 358 2251 instar
387 2206 459 2250 esse
490 2190 599 2270 potest
627 2178 790 2248 Κανόνιον
813 2181 964 2268 περιέχον
990 2178 1067 2261 τοὺς
1096 2179 1230 2267 χρόνους
1255 2185 1320 2249 τῶν
1343 2181 1517 2274 ἐπισήμων
1539 2186 1715 2270 βασιλειῶν
1737 2179 1914 2273 ἀρχόμενον

257 2282 328 2355 ἀπὸ
352 2277 488 2365 κτίσεως
510 2282 636 2370 κόσμου
659 2287 690 2350 in
714 2287 839 2372 sylloge
864 2289 1080 2350 astronomica
1103 2287 1222 2352 codicis
1237 2288 1386 2353 Vaticani
1410 2311 1456 2375 gr.
1477 2294 1558 2354 1059
1582 2290 1605 2354 1.
1629 2294 1685 2355 123
1701 2312 1759 2377 sq.,
1784 2290 1824 2354 de
1850 2310 1913 2375 quo

258 2395 367 2458 monui
396 2395 430 2458 in
457 2392 605 2478 symbola
632 2389 674 2454 ad
702 2391 870 2455 historiam
898 2393 1116 2455 astronomiae
1149 2391 1266 2477 (Bonn.
1288 2392 1384 2479 1876)
1407 2416 1439 2481 p.
1457 2399 1486 2458 5.
1532 2393 1591 2458 sed
1621 2401 1656 2458 ut
1681 2395 1744 2459 hoc
1766 2387 1915 2459 κανόνων

257 2503 391 2583 propter
412 2517 565 2561 numeros
587 2494 683 2559 valde
707 2496 839 2559 vitiosos
862 2496 995 2580 neglegi
1018 2503 1051 2559 et
1074 2497 1180 2582 potuit
1204 2505 1237 2560 et
1260 2496 1382 2580 debuit,
1405 2499 1451 2562 ita
1473 2499 1598 2584 reliqua
1621 2499 1735 2563 similia
1753 2499 1799 2562 eis
1815 2498 1913 2562 relin-

257 2603 385 2686 quimus
410 2600 553 2665 eruenda
577 2608 610 2664 et
633 2599 812 2682 tractanda,
836 2601 890 2686 qui
913 2599 1010 2664 rebus
1033 2600 1219 2686 Byzantinis
1243 2623 1376 2688 operam
1400 2602 1486 2666 dant.

362 2704 435 2769 Non
459 2705 518 2769 soli
540 2705 602 2768 hac
625 2725 737 2789 regum
767 2703 878 2768 tabula
902 2705 1077 2768 astronomi
1099 2706 1149 2768 usi
1172 2711 1254 2771 sunt.
1299 2728 1340 2770 ne
1370 2706 1527 2770 ecclesiae
1551 2705 1682 2792 quidem
1705 2705 1850 2791 patribus
1875 2725 1915 2768 ea

256 2812 407 2894 neglecta
435 2809 504 2873 fuit.
551 2808 631 2872 duos
659 2809 892 2894 imperatorum
917 2807 1139 2872 Romanorum
1171 2809 1245 2874 inde
1269 2811 1311 2874 ab
1333 2811 1483 2895 Augusto
1507 2831 1609 2896 usque
1634 2808 1676 2872 ad
1700 2807 1914 2872 Commodum

256 2914 430 2979 laterculos
454 2912 635 2976 Clemens
656 2911 956 2976 Alexandrinus
979 2919 1124 2977 stromat.
1141 2914 1157 2977 Ι
1175 2918 1225 2996 21,
1247 2920 1303 2978 144
1327 2918 1615 3000 preelectus
1640 2913 1728 3000 Sylb.
1754 2913 1913 3000 adposuit,

257 3039 392 3104 quorum
414 3019 555 3103 priorem
585 3038 627 3080 ex
655 3037 778 3080 canona
807 3018 1022 3081 astronomiae
1053 3015 1216 3082 sublatum
1247 3039 1318 3083 esse
1342 3018 1546 3082 Dodwellum
1560 3019 1585 3102 ³)
1608 3039 1673 3083 non
1697 3019 1787 3103 fugit.
1834 3039 1912 3080 sane

255 3144 397 3186 summus
421 3127 558 3208 apparet
581 3142 755 3185 consensus
764 3119 802 3206 ⁴),
826 3122 970 3202 etiamsi,
993 3129 1029 3186 ut
1052 3122 1271 3187 Mommsenus
1295 3145 1346 3188 ms
1370 3125 1536 3188 verissime
1568 3124 1708 3205 monuit,
1733 3121 1912 3188 cavendum

256 3233 315 3306 cst,
339 3249 380 3290 ne
403 3227 445 3291 ab
469 3226 659 3289 astronomis
683 3231 868 3311 repetamus
891 3246 975 3311 quas
998 3227 1083 3289 inter
1105 3225 1288 3312 Aegyptios
1312 3248 1424 3291 omnes
1448 3229 1630 3291 communia
1653 3233 1755 3292 erant.
1801 3227 1913 3290 confer

255 3331 324 3416 ipse
348 3332 580 3415 imperatomm
605 3328 750 3393 ordinem
776 3337 809 3393 et
833 3350 933 3393 annos
957 3330 1090 3414 singulis
1114 3329 1293 3416 adscriptos
1317 3352 1389 3395 cum
1412 3337 1670 3395 astronomorum
1694 3331 1819 3394 tabula:

470 3437 666 3537 Αὔγουστος
695 3446 749 3538 tm,-
783 3445 1028 3536 τεσσαράκοντα
1062 3447 1147 3536 τρία.
1247 3451 1397 3535 Τιβέριος
1431 3447 1485 3538 ἔτι]
1518 3439 1568 3535 ab.
1668 3445 1768 3529 Γάιος
1798 3445 1852 3536 τ”τιγ
1884 3451 1904 3514 d

383 3549 550 3632 Κλαύδιος
580 3549 635 3640 ἔτη
666 3543 709 3620 sd.
798 3552 912 3640 Νέρων
934 3549 989 3639 ἔτι]
1012 3542 1056 3619 td.
1153 3549 1284 3637 Γάλβας
1310 3549 1382 3632 ἔτος
1405 3551 1447 3620 ἕν.
1534 3549 1787 3632 Οὐεσπασιανὸς
1809 3549 1864 3640 ἔτι]
1890 3563 1913 3619 ῐ.

388 3656 486 3736 Τίτος
515 3655 570 3744 dap
593 3659 620 3744 γ.
737 3656 939 3742 Δομιτιανὸς
965 3654 1020 3744 ἔτη
1043 3662 1082 3726 ἵε.
1200 3659 1331 3743 Νέρβας
1357 3654 1430 3736 ἔτος
1452 3657 1483 3724 ἆ.
1598 3652 1760 3746 Τραϊανὸς
1782 3653 1838 3744 ἔτι,Ἰ
1862 3647 1913 3724 ιθ.

379 3756 551 3847 Ἀδριανὸς
580 3760 635 3849 tt»,
664 3765 717 3828 πᾶ.
812 3755 1003 3840 Ἀντωνῖνος
1031 3759 1086 3850 ἔτη
1108 3765 1151 3829 ἴα
1173 3763 1240 3848 [tr—y
1267 3763 1492 3848 corrigendum
1519 3785 1591 3828 csse
1621 3763 1701 3827 vidit
1723 3762 1913 3827 Dodwellus

382 3890 413 3953 p.
433 3869 502 3951 91].
590 3861 715 3950 ὁμοίως
745 3860 847 3930 πάλιν
872 3858 1063 3945 Ἀντωνῖνος
1094 3864 1151 3931 καί
1174 3861 1331 3948 Κόμοδος
1360 3863 1416 3952 ἔτι]
1443 3854 1493 3951 AB.
1581 3863 1705 3952 γίνεται
1733 3861 1776 3932 τὰ
1799 3862 1912 3932 πάντα

382 3963 456 4036 ἀπὸ
478 3963 676 4056 Αὐγούστου
699 3966 760 4047 ἕως
781 3964 940 4052 Κομόδου
966 3969 1128 4058 (τελευτῆς
1150 3969 1370 4052 inserendum>
1395 3966 1450 4057 ἔτη
1473 3957 1545 4055 aad.

355 4091 587 4156 Gravissimum
621 4091 752 4176 originis
785 4091 937 4156 indicium
970 4112 1042 4156 esse
1074 4092 1214 4175 videtur,
1251 4093 1338 4177 quod
1375 4093 1534 4178 Augustei
1569 4094 1698 4179 imperii
1729 4093 1913 4158 referuntur

252 4197 325 4258 anni
349 4195 477 4277 XLIII,
508 4217 572 4260 non
596 4195 637 4259 ab
662 4216 800 4258 excessu
824 4195 853 4259 d.
878 4195 952 4260 Iulii
975 4195 1125 4260 Caesaris
1148 4196 1206 4260 sed
1230 4196 1271 4261 ab
1294 4197 1450 4283 Aegypto
1483 4197 1617 4262 subacta
1647 4199 1784 4283 repetiti.
1831 4199 1912 4263 haec

251 4305 361 4362 tamen
385 4319 450 4362 non
473 4300 606 4385 propria
622 4305 882 4363 astronomorum
898 4300 958 4364 fuit
974 4303 1184 4386 computatio,
1201 4301 1259 4365 sed
1275 4303 1453 4365 communis
1470 4303 1612 4366 omnium
1628 4300 1866 4387 Aegyptiorum
1876 4303 1911 4382 ⁵).

251 4400 377 4466 Deinde
407 4402 493 4488 quod
523 4403 625 4467 Marci
656 4403 801 4484 Aurelii,
825 4403 862 4467 L.
880 4403 968 4486 Veri,
993 4403 1163 4468 Commodi
1197 4406 1334 4490 imperia
1368 4406 1399 4468 in
1434 4427 1532 4470 unum
1565 4411 1730 4469 contracta
1763 4405 1910 4470 videmus

249 4505 385 4592 perinde
421 4513 519 4593 atquc
553 4509 585 4572 in
617 4509 781 4573 laterculis
808 4507 1006 4573 Heraclianc
1039 4515 1072 4572 et
1099 4508 1257 4595 acephalo
1288 4509 1337 4590 fit,
1368 4510 1429 4573 hoc
1453 4529 1581 4595 quoque
1607 4531 1649 4573 ex
1672 4508 1910 4594 Aegyptiorum

250 4611 481 4675 consuetudine
506 4619 644 4697 repetas.
690 4611 791 4676 Marci
814 4613 900 4676 enim
926 4613 1051 4676 Aurelii
1067 4613 1239 4697 imperium
1263 4619 1299 4676 ut
1322 4613 1406 4676 ultra
1421 4613 1458 4676 L.
1477 4612 1555 4676 Veri
1571 4619 1710 4677 mortem
1726 4613 1910 4698 porrigitur,

262 4831 266 4836 '
356 4822 375 4882 ¹)
394 4821 489 4872 desinit
506 4822 587 4874 codex
606 4823 748 4875 Vaticanus
766 4825 793 4875 in
811 4825 851 4874 his
870 4821 886 4872 o‘
903 4820 1079 4888 perseveratur
1171 4839 1191 4888 γ
1283 4821 1358 4889 ,stult
1375 4820 1440 4889 μῆν.
1460 4815 1676 4888 γιιίλέξανδρος
1694 4821 1754 4885 (ric)
1773 4817 1787 4869 ὁ
1807 4836 1910 4888 κυμνη-

249 4905 296 4964 νίς
366 4909 480 4960 numeris
498 4926 551 4959 non
568 4910 669 4962 additis.
783 4910 803 4975 ²)
823 4911 1021 4976 discrepantiam
1046 4911 1174 4974 lectionis,
1199 4911 1308 4975 nequis
1330 4911 1449 4961 omissam
1468 4917 1599 4975 queratur,
1623 4907 1735 4959 breviter
1757 4907 1795 4958 sic
1812 4907 1911 4973 adpone

249 5000 279 5044 ut
296 5009 355 5044 curn
379 4994 505 5046 laterculo
524 4995 682 5047 Heracliano
701 4999 842 5048 conseram:
863 4991 1106 5064 1Ντιβονιισσιίρου
1176 4995 1193 5048 3
1210 4996 1323 5064 γνζιρου
1342 4997 1402 5060 (nisi
1420 4996 1534 5064 γηζιρου
1552 4995 1673 5047 librarius
1691 4995 1741 5062 legi
1755 4994 1846 5058 voluit)
1865 4989 1910 5044 κτιὶ

247 5077 342 5148 πώρου
398 5075 567 5149 θιίριιϊιινοιῖ
631 5079 773 5150 'inpulsos
835 5076 1046 5152 9ᾰπρτινιιδΐου
1109 5081 1143 5133 10
1159 5077 1315 5149 peresuros
1379 5077 1682 5150 11μεσεσσϊμορδάκου
1738 5079 1768 5130 13
1787 5072 1911 5148 ‹locupu-

247 5163 328 5216 δίνου
382 5167 411 5218 14
432 5163 631 5218 σάοσιίουκϊνοῦ
693 5169 726 5220 lb
744 5167 945 5220 κϋννιλιιιίτίνου
1008 5165 1310 5236 16Ντιγ1οπολιισοάρου
1374 5163 1674 5236 1ῖ111τιμοκολιισσιίρου
1729 5165 1761 5218 18
1784 5163 1910 5233 ίλιιορου-
1976 5233 1979 5242 1

248 5252 338 5323 δάμου
401 5255 433 5306 19
451 5253 738 5325 Νϊρικιισοολοσοτίρου
790 5257 824 5308 24
844 5253 959 5326 Δαρείου
978 5255 1087 5324 πρώτου
1139 5255 1173 5306 26
1193 5255 1357 5324 ιιριτιξέρξου
1371 5271 1377 5282 ·
1391 5273 1409 5304 τι
1462 5254 1494 5308 27
1514 5251 1637 5322 Δαρείου.
1656 5257 1679 5318 β.
1742 5251 1774 5302 31
1795 5249 1911 5320 Δαρείου

247 5340 348 5410 τρίτου.
444 5343 465 5408 ¹)
484 5344 633 5395 Dodwellus
649 5346 757 5412 append.
777 5346 836 5396 diss.
855 5347 933 5412 Cypr.
952 5345 967 5406 ἓ
984 5343 1019 5395 50
1041 5361 1065 5411 p.
1083 5341 1117 5394 68
1141 5351 1166 5394 st
1187 5343 1247 5395 adn.
1271 5360 1294 5410 p.
1312 5340 1346 5394 89
1368 5341 1426 5394 n.1
1453 5360 1476 5408 p.
1490 5341 1521 5392 91
1546 5358 1570 5393 ιι.
1589 5339 1629 5391 15.
1666 5340 1801 5390 oblocutus
1824 5348 1865 5390 est
1885 5356 1909 5390 v.

246 5431 270 5480 d.
289 5431 383 5497 Hagen
402 5431 476 5482 Obss.
493 5432 522 5480 in
540 5431 653 5481 Theonis
675 5432 753 5482 laetos
771 5449 794 5498 p.
809 5429 859 5482 129
868 5448 932 5497 sqq,
952 5433 1080 5482 refutatus
1099 5447 1115 5480 a
1134 5429 1246 5481 Semlsro
1264 5431 1282 5480 l.
1295 5447 1316 5480 s.
1335 5427 1466 5488 §60-62
1485 5447 1507 5496 p.
1521 5425 1573 5479 202
1584 5445 1638 5494 sqq.
1723 5425 1744 5490 ⁴)
1763 5443 1823 5478 nam
1841 5427 1910 5492 quod

246 5518 393 5567 Antoninus
412 5518 474 5566 Pius
492 5517 587 5568 dicitur
599 5519 661 5568 XXI
679 5534 761 5569 annos
781 5519 933 5584 imperasse,
953 5519 974 5568 is
998 5518 1101 5582 quidem
1121 5534 1172 5566 non
1194 5523 1233 5566 eet
1251 5517 1394 5576 dissensus,
1414 5532 1471 5566 cum
1496 5531 1624 5565 anrrcrum
1642 5528 1745 5564 summa
1763 5513 1858 5563 indicio
1877 5513 1910 5563 sit

245 5619 326 5654 annos
345 5604 409 5654 duos
427 5603 526 5654 librarii
544 5604 622 5670 culpa
640 5605 735 5656 deesse.
843 5605 863 5669 ⁵)
883 5607 955 5658 velut
973 5605 1048 5656 Philo
1067 5605 1145 5670 legat.
1165 5603 1199 5654 ad
1217 5604 1312 5654 Gaium
1331 5601 1365 5652 22
1383 5620 1408 5670 p.
1421 5599 1471 5653 567
1491 5604 1526 5653 bl.
1546 5605 1694 5668 Augustum
1713 5601 1775 5652 dicit
1794 5596 1843 5650 τόν
1864 5616 1908 5650 το-

245 5687 344 5738 σοῦτον
362 5680 509 5755 εὐεργέτην
526 5685 556 5738 ἐν
574 5685 645 5754 τρισί
663 5685 706 5739 rui
728 5686 930 5756 τεσσιιριίιιοντιι
949 5687 1091 5752 ε’νιιιυιοῖς,
1111 5685 1156 5744 ου’,τ
1175 5685 1363 5758 ἐπεκράτησεν
1387 5684 1534 5752 Αἰγύπτου.
