<?xml version="1.0" encoding="UTF-8"?>
<!DOCTYPE html PUBLIC "-//W3C//DTD XHTML 1.0 Transitional//EN"
    "http://www.w3.org/TR/xhtml1/DTD/xhtml1-transitional.dtd">
<html xmlns="http://www.w3.org/1999/xhtml" xml:lang="en" lang="en">
 <head>
  <title>
</title>
<meta http-equiv="Content-Type" content="text/html;charset=utf-8" />
  <meta name='ocr-system' content='tesseract 3.04.00' />
  <meta name='ocr-capabilities' content='ocr_page ocr_carea ocr_par ocr_line ocrx_word'/>
</head>
<body>
  <div class='ocr_page' id='page_1' title='image "./monumentagerman01mittgoog_0100.png"; bbox 0 0 4634 6286; ppageno 0'>
   <div class='ocr_carea' id='block_1_1' title="bbox 683 304 1897 372">
    <p class='ocr_par' dir='ltr' id='par_1_1' title="bbox 683 304 1897 372">
     <span class='ocr_line' id='line_1_1' title="bbox 683 304 1897 372; baseline -0.002 -12"><span class='ocrx_word' id='word_1_1' title='bbox 683 306 729 362; x_wconf 82' lang='lat' dir='ltr'>llll</span> <span class='ocrx_word' id='word_1_2' title='bbox 750 306 895 362; x_wconf 78' lang='lat' dir='ltr'>uxcuuo</span> <span class='ocrx_word' id='word_1_3' title='bbox 914 305 961 362; x_wconf 83' lang='lat' dir='ltr'>ET</span> <span class='ocrx_word' id='word_1_4' title='bbox 981 304 1198 370; x_wconf 76' lang='lat' dir='ltr'>CONQVESTV</span> <span class='ocrx_word' id='word_1_5' title='bbox 1218 304 1457 360; x_wconf 76' lang='lat' dir='ltr'>BlilTANNlAE.</span> <span class='ocrx_word' id='word_1_6' title='bbox 1856 311 1897 372; x_wconf 81' lang='lat'>85</span> 
     </span>
    </p>
   </div>
   <div class='ocr_carea' id='block_1_2' title="bbox 193 478 2064 3067">
    <p class='ocr_par' dir='ltr' id='par_1_2' title="bbox 193 478 2064 3067">
     <span class='ocr_line' id='line_1_2' title="bbox 245 478 2053 565; baseline 0 -22"><span class='ocrx_word' id='word_1_7' title='bbox 245 479 286 543; x_wconf 89' lang='lat' dir='ltr'>de</span> <span class='ocrx_word' id='word_1_8' title='bbox 313 485 421 544; x_wconf 85' lang='lat' dir='ltr'>vestra</span> <span class='ocrx_word' id='word_1_9' title='bbox 450 478 526 565; x_wconf 92' lang='lat' dir='ltr'>quid</span> <span class='ocrx_word' id='word_1_10' title='bbox 555 479 712 544; x_wconf 80' lang='lat' dir='ltr'>exitiabili</span> <span class='ocrx_word' id='word_1_11' title='bbox 744 485 903 543; x_wconf 77' lang='lat' dir='ltr'><strong>structura</strong></span> <span class='ocrx_word' id='word_1_12' title='bbox 931 479 1175 564; x_wconf 80' lang='lat' dir='ltr'>pronuntiaturi</span> <span class='ocrx_word' id='word_1_13' title='bbox 1208 485 1375 543; x_wconf 86' lang='lat' dir='ltr'>‘venerunt</span> <span class='ocrx_word' id='word_1_14' title='bbox 1405 479 1536 542; x_wconf 86' lang='lat' dir='ltr'>flumina</span> <span class='ocrx_word' id='word_1_15' title='bbox 1566 484 1600 542; x_wconf 92' lang='lat' dir='ltr'>et</span> <span class='ocrx_word' id='word_1_16' title='bbox 1628 479 1786 543; x_wconf 83' lang='lat' dir='ltr'>flaverunt</span> <span class='ocrx_word' id='word_1_17' title='bbox 1810 479 2053 543; x_wconf 63' lang='lat' dir='ltr'>sentillam-offl-</span> 
     </span>
     <span class='ocr_line' id='line_1_3' title="bbox 244 581 1896 670; baseline -0.001 -22"><span class='ocrx_word' id='word_1_18' title='bbox 244 586 289 648; x_wconf 89' lang='lat' dir='ltr'>‘et</span> <span class='ocrx_word' id='word_1_19' title='bbox 315 585 520 670; x_wconf 89' lang='lat' dir='ltr'>impegerunt</span> <span class='ocrx_word' id='word_1_20' title='bbox 548 584 581 647; x_wconf 92' lang='lat' dir='ltr'>in</span> <span class='ocrx_word' id='word_1_21' title='bbox 613 583 743 648; x_wconf 92' lang='lat' dir='ltr'>domum</span> <span class='ocrx_word' id='word_1_22' title='bbox 771 584 859 648; x_wconf 89' lang='lat' dir='ltr'>illam</span> <span class='ocrx_word' id='word_1_23' title='bbox 888 591 921 648; x_wconf 88' lang='lat' dir='ltr'>et</span> <span class='ocrx_word' id='word_1_24' title='bbox 951 583 1067 648; x_wconf 90' lang='lat' dir='ltr'>cecidit</span> <span class='ocrx_word' id='word_1_25' title='bbox 1097 590 1130 647; x_wconf 91' lang='lat' dir='ltr'>et</span> <span class='ocrx_word' id='word_1_26' title='bbox 1160 583 1220 647; x_wconf 90' lang='lat' dir='ltr'>fuit</span> <span class='ocrx_word' id='word_1_27' title='bbox 1247 585 1338 648; x_wconf 87' lang='lat' dir='ltr'>ruina</span> <span class='ocrx_word' id='word_1_28' title='bbox 1362 585 1430 648; x_wconf 90' lang='lat' dir='ltr'>eius</span> <span class='ocrx_word' id='word_1_29' title='bbox 1454 582 1594 669; x_wconf 86' lang='lat' dir='ltr'>magna&#39;.</span> <span class='ocrx_word' id='word_1_30' title='bbox 1639 581 1738 647; x_wconf 91' lang='lat' dir='ltr'>Petro</span> <span class='ocrx_word' id='word_1_31' title='bbox 1762 584 1896 668; x_wconf 93' lang='lat' dir='ltr'>eiusque</span> 
     </span>
     <span class='ocr_line' id='line_1_4' title="bbox 244 681 2061 783; baseline 0.001 -32"><span class='ocrx_word' id='word_1_32' title='bbox 244 689 484 753; x_wconf 89' lang='lat' dir='ltr'>successoribus</span> <span class='ocrx_word' id='word_1_33' title='bbox 507 687 584 753; x_wconf 90' lang='lat' dir='ltr'>dicit</span> <span class='ocrx_word' id='word_1_34' title='bbox 607 686 773 752; x_wconf 90' lang='lat' dir='ltr'>dominus:</span> <span class='ocrx_word' id='word_1_35' title='bbox 798 693 842 752; x_wconf 83' lang='lat' dir='ltr'>‘ct</span> <span class='ocrx_word' id='word_1_36' title='bbox 864 689 923 752; x_wconf 93' lang='lat' dir='ltr'>tibi</span> <span class='ocrx_word' id='word_1_37' title='bbox 946 687 1031 753; x_wconf 87' lang='lat' dir='ltr'>dabo</span> <span class='ocrx_word' id='word_1_38' title='bbox 1056 689 1165 753; x_wconf 86' lang='lat' dir='ltr'>claves</span> <span class='ocrx_word' id='word_1_39' title='bbox 1181 689 1274 774; x_wconf 88' lang='lat' dir='ltr'>regni</span> <span class='ocrx_word' id='word_1_40' title='bbox 1290 687 1480 752; x_wconf 78' lang='lat' dir='ltr'>caelorum&#39;:</span> <span class='ocrx_word' id='word_1_41' title='bbox 1504 688 1597 753; x_wconf 84' lang='lat' dir='ltr'>vobis</span> <span class='ocrx_word' id='word_1_42' title='bbox 1614 709 1707 752; x_wconf 83' lang='lat' dir='ltr'>vero:</span> <span class='ocrx_word' id='word_1_43' title='bbox 1731 689 1805 752; x_wconf 89' lang='lat' dir='ltr'>‘uon</span> <span class='ocrx_word' id='word_1_44' title='bbox 1823 688 1897 752; x_wconf 86' lang='lat' dir='ltr'>novi</span> <span class='ocrx_word' id='word_1_45' title='bbox 1908 681 2061 783; x_wconf 40' lang='lat' dir='ltr'>{ffljffp&#39;i</span> 
     </span>
     <span class='ocr_line' id='line_1_5' title="bbox 245 786 2061 879; baseline -0.001 -23"><span class='ocrx_word' id='word_1_46' title='bbox 245 796 329 874; x_wconf 65' lang='grc' dir='ltr'>ινοω,</span> <span class='ocrx_word' id='word_1_47' title='bbox 354 792 510 858; x_wconf 82' lang='lat' dir='ltr'>discedite</span> <span class='ocrx_word' id='word_1_48' title='bbox 534 814 553 856; x_wconf 89' lang='lat' dir='ltr'>a</span> <span class='ocrx_word' id='word_1_49' title='bbox 575 812 646 874; x_wconf 86' lang='lat' dir='ltr'>me,</span> <span class='ocrx_word' id='word_1_50' title='bbox 672 793 811 878; x_wconf 89' lang='lat' dir='ltr'>operarii</span> <span class='ocrx_word' id='word_1_51' title='bbox 833 793 1026 879; x_wconf 80' lang='lat' dir='ltr'>iniquitatis,</span> <span class='ocrx_word' id='word_1_52' title='bbox 1049 799 1085 857; x_wconf 94' lang='lat' dir='ltr'>ut</span> <span class='ocrx_word' id='word_1_53' title='bbox 1107 794 1247 879; x_wconf 90' lang='lat' dir='ltr'>separati</span> <span class='ocrx_word' id='word_1_54' title='bbox 1271 793 1418 857; x_wconf 79' lang='lat' dir='ltr'>sinistrae</span> <span class='ocrx_word' id='word_1_55' title='bbox 1442 793 1542 877; x_wconf 92' lang='lat' dir='ltr'>partis</span> <span class='ocrx_word' id='word_1_56' title='bbox 1573 813 1646 857; x_wconf 91' lang='lat' dir='ltr'>cum</span> <span class='ocrx_word' id='word_1_57' title='bbox 1673 791 1787 855; x_wconf 90' lang='lat' dir='ltr'>haedis</span> <span class='ocrx_word' id='word_1_58' title='bbox 1816 786 2061 879; x_wconf 50' lang='lat' dir='ltr'>eatisgffq&#39;yftffl&#39;·</span> 
     </span>
     <span class='ocr_line' id='line_1_6' title="bbox 203 894 2061 983; baseline 0.001 -27"><span class='ocrx_word' id='word_1_59' title='bbox 203 918 214 956; x_wconf 82' lang='lat' dir='ltr'>s</span> <span class='ocrx_word' id='word_1_60' title='bbox 244 898 287 961; x_wconf 92' lang='lat' dir='ltr'>‘in</span> <span class='ocrx_word' id='word_1_61' title='bbox 302 897 411 982; x_wconf 87' lang='lat' dir='ltr'>ignem</span> <span class='ocrx_word' id='word_1_62' title='bbox 428 894 616 961; x_wconf 89' lang='lat' dir='ltr'>aeternum’.</span> <span class='ocrx_word' id='word_1_63' title='bbox 655 897 798 982; x_wconf 87' lang='lat' dir='ltr'>itemque</span> <span class='ocrx_word' id='word_1_64' title='bbox 816 898 901 960; x_wconf 92' lang='lat' dir='ltr'>omni</span> <span class='ocrx_word' id='word_1_65' title='bbox 919 904 1029 962; x_wconf 90' lang='lat' dir='ltr'>sancto</span> <span class='ocrx_word' id='word_1_66' title='bbox 1047 896 1208 962; x_wconf 89' lang='lat' dir='ltr'>sacerdoti</span> <span class='ocrx_word' id='word_1_67' title='bbox 1224 897 1435 983; x_wconf 89' lang='lat' dir='ltr'>promittitur:</span> <span class='ocrx_word' id='word_1_68' title='bbox 1462 899 1507 959; x_wconf 83' lang='lat' dir='ltr'>‘et</span> <span class='ocrx_word' id='word_1_69' title='bbox 1523 916 1746 981; x_wconf 91' lang='lat' dir='ltr'>quaecumque</span> <span class='ocrx_word' id='word_1_70' title='bbox 1762 896 1898 960; x_wconf 84' lang='lat' dir='ltr'>solveris</span> <span class='ocrx_word' id='word_1_71' title='bbox 1909 907 2061 954; x_wconf 65' lang='lat' dir='ltr'>carrarca.</span> 
     </span>
     <span class='ocr_line' id='line_1_7' title="bbox 244 1001 1899 1087; baseline -0.002 -22"><span class='ocrx_word' id='word_1_72' title='bbox 244 1003 353 1087; x_wconf 90' lang='lat' dir='ltr'>‘super</span> <span class='ocrx_word' id='word_1_73' title='bbox 374 1007 508 1083; x_wconf 88' lang='lat' dir='ltr'>terram,</span> <span class='ocrx_word' id='word_1_74' title='bbox 533 1007 626 1065; x_wconf 91' lang='lat' dir='ltr'>erunt</span> <span class='ocrx_word' id='word_1_75' title='bbox 649 1002 753 1065; x_wconf 89' lang='lat' dir='ltr'>soluta</span> <span class='ocrx_word' id='word_1_76' title='bbox 784 1008 817 1065; x_wconf 92' lang='lat' dir='ltr'>et</span> <span class='ocrx_word' id='word_1_77' title='bbox 838 1003 872 1064; x_wconf 92' lang='lat' dir='ltr'>in</span> <span class='ocrx_word' id='word_1_78' title='bbox 895 1002 1006 1066; x_wconf 91' lang='lat' dir='ltr'>caelis:</span> <span class='ocrx_word' id='word_1_79' title='bbox 1031 1007 1065 1065; x_wconf 93' lang='lat' dir='ltr'>et</span> <span class='ocrx_word' id='word_1_80' title='bbox 1088 1022 1310 1087; x_wconf 91' lang='lat' dir='ltr'>quaecumque</span> <span class='ocrx_word' id='word_1_81' title='bbox 1334 1001 1485 1084; x_wconf 85' lang='lat' dir='ltr'>ligaveris</span> <span class='ocrx_word' id='word_1_82' title='bbox 1517 1020 1615 1086; x_wconf 90' lang='lat' dir='ltr'>super</span> <span class='ocrx_word' id='word_1_83' title='bbox 1643 1006 1780 1081; x_wconf 89' lang='lat' dir='ltr'>terram,</span> <span class='ocrx_word' id='word_1_84' title='bbox 1805 1005 1899 1063; x_wconf 90' lang='lat' dir='ltr'>erunt</span> 
     </span>
     <span class='ocr_line' id='line_1_8' title="bbox 244 1099 1899 1191; baseline -0.001 -23"><span class='ocrx_word' id='word_1_85' title='bbox 244 1105 357 1190; x_wconf 87' lang='lat' dir='ltr'>‘ligata</span> <span class='ocrx_word' id='word_1_86' title='bbox 379 1111 413 1170; x_wconf 90' lang='lat' dir='ltr'>ct</span> <span class='ocrx_word' id='word_1_87' title='bbox 435 1106 467 1168; x_wconf 89' lang='lat' dir='ltr'>in</span> <span class='ocrx_word' id='word_1_88' title='bbox 490 1102 609 1168; x_wconf 83' lang='lat' dir='ltr'>caelis’.</span> <span class='ocrx_word' id='word_1_89' title='bbox 656 1099 714 1168; x_wconf 88' lang='lat' dir='ltr'>sed</span> <span class='ocrx_word' id='word_1_90' title='bbox 738 1103 900 1191; x_wconf 89' lang='lat' dir='ltr'>quomodo</span> <span class='ocrx_word' id='word_1_91' title='bbox 923 1124 981 1170; x_wconf 89' lang='lat' dir='ltr'>vos</span> <span class='ocrx_word' id='word_1_92' title='bbox 1004 1104 1125 1191; x_wconf 94' lang='lat' dir='ltr'>aliquid</span> <span class='ocrx_word' id='word_1_93' title='bbox 1148 1106 1293 1185; x_wconf 84' lang='lat' dir='ltr'>solvetis,</span> <span class='ocrx_word' id='word_1_94' title='bbox 1323 1111 1358 1168; x_wconf 87' lang='lat' dir='ltr'>ut</span> <span class='ocrx_word' id='word_1_95' title='bbox 1386 1105 1427 1168; x_wconf 86' lang='lat' dir='ltr'>sit</span> <span class='ocrx_word' id='word_1_96' title='bbox 1455 1104 1595 1167; x_wconf 90' lang='lat' dir='ltr'>solutum</span> <span class='ocrx_word' id='word_1_97' title='bbox 1627 1109 1661 1166; x_wconf 91' lang='lat' dir='ltr'>et</span> <span class='ocrx_word' id='word_1_98' title='bbox 1682 1105 1714 1167; x_wconf 92' lang='lat' dir='ltr'>in</span> <span class='ocrx_word' id='word_1_99' title='bbox 1737 1104 1851 1184; x_wconf 90' lang='lat' dir='ltr'>caelis,</span> <span class='ocrx_word' id='word_1_100' title='bbox 1879 1123 1899 1166; x_wconf 91' lang='lat' dir='ltr'>a</span> 
     </span>
     <span class='ocr_line' id='line_1_9' title="bbox 245 1206 1897 1294; baseline -0.001 -21"><span class='ocrx_word' id='word_1_101' title='bbox 245 1209 335 1273; x_wconf 91' lang='lat' dir='ltr'>caelo</span> <span class='ocrx_word' id='word_1_102' title='bbox 369 1209 411 1273; x_wconf 93' lang='lat' dir='ltr'>ob</span> <span class='ocrx_word' id='word_1_103' title='bbox 445 1209 569 1272; x_wconf 90' lang='lat' dir='ltr'>scelera</span> <span class='ocrx_word' id='word_1_104' title='bbox 601 1206 745 1294; x_wconf 87' lang='lat' dir='ltr'>adempti</span> <span class='ocrx_word' id='word_1_105' title='bbox 781 1215 814 1273; x_wconf 89' lang='lat' dir='ltr'>ct</span> <span class='ocrx_word' id='word_1_106' title='bbox 845 1210 1032 1273; x_wconf 88' lang='lat' dir='ltr'>immanium</span> <span class='ocrx_word' id='word_1_107' title='bbox 1066 1215 1274 1294; x_wconf 89' lang='lat' dir='ltr'>peccatorum</span> <span class='ocrx_word' id='word_1_108' title='bbox 1308 1209 1437 1273; x_wconf 88' lang='lat' dir='ltr'>funibus</span> <span class='ocrx_word' id='word_1_109' title='bbox 1467 1207 1657 1294; x_wconf 79' lang='lat' dir='ltr'>compediti,</span> <span class='ocrx_word' id='word_1_110' title='bbox 1686 1213 1722 1271; x_wconf 92' lang='lat' dir='ltr'>ut</span> <span class='ocrx_word' id='word_1_111' title='bbox 1745 1206 1897 1272; x_wconf 85' lang='lat' dir='ltr'>Salomon</span> 
     </span>
     <span class='ocr_line' id='line_1_10' title="bbox 246 1309 2048 1399; baseline -0.001 -22"><span class='ocrx_word' id='word_1_112' title='bbox 246 1334 373 1399; x_wconf 93' lang='lat' dir='ltr'>quoque</span> <span class='ocrx_word' id='word_1_113' title='bbox 397 1313 459 1378; x_wconf 91' lang='lat' dir='ltr'>ait:</span> <span class='ocrx_word' id='word_1_114' title='bbox 492 1312 661 1376; x_wconf 81' lang='lat' dir='ltr'>‘criniculis</span> <span class='ocrx_word' id='word_1_115' title='bbox 682 1318 891 1397; x_wconf 90' lang='lat' dir='ltr'>peccatorum</span> <span class='ocrx_word' id='word_1_116' title='bbox 915 1334 1044 1378; x_wconf 92' lang='lat' dir='ltr'>suorum</span> <span class='ocrx_word' id='word_1_117' title='bbox 1067 1314 1284 1399; x_wconf 88' lang='lat' dir='ltr'>unusquisque</span> <span class='ocrx_word' id='word_1_118' title='bbox 1308 1309 1567 1398; x_wconf 78' lang='lat' dir='ltr'>constringituri’</span> <span class='ocrx_word' id='word_1_119' title='bbox 1614 1332 1741 1398; x_wconf 90' lang='lat' dir='ltr'>quaque</span> <span class='ocrx_word' id='word_1_120' title='bbox 1773 1312 1897 1376; x_wconf 89' lang='lat' dir='ltr'>ratione</span> <span class='ocrx_word' id='word_1_121' title='bbox 1912 1321 2048 1368; x_wconf 58' lang='lat' dir='ltr'>aaaron.</span> 
     </span>
     <span class='ocr_line' id='line_1_11' title="bbox 193 1415 1898 1504; baseline -0.002 -22"><span class='ocrx_word' id='word_1_122' title='bbox 193 1437 218 1474; x_wconf 79' lang='grc' dir='ltr'>ιο</span> <span class='ocrx_word' id='word_1_123' title='bbox 246 1416 367 1504; x_wconf 91' lang='lat' dir='ltr'>aliquid</span> <span class='ocrx_word' id='word_1_124' title='bbox 390 1417 422 1480; x_wconf 89' lang='lat' dir='ltr'>in</span> <span class='ocrx_word' id='word_1_125' title='bbox 447 1422 532 1480; x_wconf 89' lang='lat' dir='ltr'>terra</span> <span class='ocrx_word' id='word_1_126' title='bbox 553 1415 706 1501; x_wconf 83' lang='lat' dir='ltr'>ligabitis,</span> <span class='ocrx_word' id='word_1_127' title='bbox 731 1415 817 1502; x_wconf 92' lang='lat' dir='ltr'>quod</span> <span class='ocrx_word' id='word_1_128' title='bbox 841 1416 1092 1503; x_wconf 89' lang='lat' dir='ltr'>supramodum</span> <span class='ocrx_word' id='word_1_129' title='bbox 1117 1418 1215 1481; x_wconf 89' lang='lat' dir='ltr'>etiam</span> <span class='ocrx_word' id='word_1_130' title='bbox 1238 1417 1358 1501; x_wconf 88' lang='lat' dir='ltr'>ligetur</span> <span class='ocrx_word' id='word_1_131' title='bbox 1381 1422 1511 1502; x_wconf 89' lang='lat' dir='ltr'>practer</span> <span class='ocrx_word' id='word_1_132' title='bbox 1527 1416 1751 1502; x_wconf 83' lang='lat' dir='ltr'>vosmetipsos,</span> <span class='ocrx_word' id='word_1_133' title='bbox 1776 1416 1830 1500; x_wconf 90' lang='lat' dir='ltr'>qui</span> <span class='ocrx_word' id='word_1_134' title='bbox 1852 1415 1898 1478; x_wconf 89' lang='lat' dir='ltr'>ita</span> 
     </span>
     <span class='ocr_line' id='line_1_12' title="bbox 243 1517 1898 1607; baseline -0.002 -22"><span class='ocrx_word' id='word_1_135' title='bbox 243 1522 335 1607; x_wconf 88' lang='lat' dir='ltr'>ligati</span> <span class='ocrx_word' id='word_1_136' title='bbox 357 1519 577 1607; x_wconf 89' lang='lat' dir='ltr'>iniquitatibus</span> <span class='ocrx_word' id='word_1_137' title='bbox 603 1519 635 1582; x_wconf 94' lang='lat' dir='ltr'>in</span> <span class='ocrx_word' id='word_1_138' title='bbox 659 1519 721 1584; x_wconf 94' lang='lat' dir='ltr'>hoc</span> <span class='ocrx_word' id='word_1_139' title='bbox 751 1520 871 1585; x_wconf 91' lang='lat' dir='ltr'>mundo</span> <span class='ocrx_word' id='word_1_140' title='bbox 903 1520 1074 1596; x_wconf 72' lang='lat' dir='ltr'>tenemini,</span> <span class='ocrx_word' id='word_1_141' title='bbox 1105 1527 1141 1584; x_wconf 93' lang='lat' dir='ltr'>ut</span> <span class='ocrx_word' id='word_1_142' title='bbox 1172 1521 1205 1584; x_wconf 90' lang='lat' dir='ltr'>iu</span> <span class='ocrx_word' id='word_1_143' title='bbox 1238 1521 1335 1585; x_wconf 87' lang='lat' dir='ltr'>caelis</span> <span class='ocrx_word' id='word_1_144' title='bbox 1369 1540 1574 1607; x_wconf 89' lang='lat' dir='ltr'>nequaquam</span> <span class='ocrx_word' id='word_1_145' title='bbox 1608 1519 1806 1600; x_wconf 85' lang='lat' dir='ltr'>ascendatis,</span> <span class='ocrx_word' id='word_1_146' title='bbox 1840 1517 1898 1583; x_wconf 89' lang='lat' dir='ltr'>sed</span> 
     </span>
     <span class='ocr_line' id='line_1_13' title="bbox 244 1609 1979 1708; baseline -0.002 -19"><span class='ocrx_word' id='word_1_147' title='bbox 244 1625 390 1690; x_wconf 87' lang='lat' dir='ltr'>infaustis</span> <span class='ocrx_word' id='word_1_148' title='bbox 420 1624 532 1687; x_wconf 89' lang='lat' dir='ltr'>tartari</span> <span class='ocrx_word' id='word_1_149' title='bbox 561 1623 747 1708; x_wconf 85' lang='lat' dir='ltr'>ergastulis,</span> <span class='ocrx_word' id='word_1_150' title='bbox 770 1644 834 1688; x_wconf 92' lang='lat' dir='ltr'>non</span> <span class='ocrx_word' id='word_1_151' title='bbox 858 1627 1005 1689; x_wconf 83' lang='lat' dir='ltr'>conversi</span> <span class='ocrx_word' id='word_1_152' title='bbox 1027 1625 1060 1688; x_wconf 90' lang='lat' dir='ltr'>in</span> <span class='ocrx_word' id='word_1_153' title='bbox 1081 1625 1143 1688; x_wconf 90' lang='lat' dir='ltr'>hac</span> <span class='ocrx_word' id='word_1_154' title='bbox 1166 1625 1232 1689; x_wconf 87' lang='lat' dir='ltr'>vita</span> <span class='ocrx_word' id='word_1_155' title='bbox 1256 1623 1298 1688; x_wconf 88' lang='lat' dir='ltr'>ad</span> <span class='ocrx_word' id='word_1_156' title='bbox 1323 1622 1497 1702; x_wconf 82' lang='lat' dir='ltr'>dominum,</span> <span class='ocrx_word' id='word_1_157' title='bbox 1522 1623 1700 1689; x_wconf 82' lang='lat' dir='ltr'>decidatis?</span> <span class='ocrx_word' id='word_1_158' title='bbox 1744 1623 1814 1689; x_wconf 88' lang='lat' dir='ltr'>Nec</span> <span class='ocrx_word' id='word_1_159' title='bbox 1838 1623 1899 1687; x_wconf 92' lang='lat' dir='ltr'>sibi</span> <span class='ocrx_word' id='word_1_160' title='bbox 1921 1609 1979 1669; x_wconf 75' lang='lat'>¹¹0</span> 
     </span>
     <span class='ocr_line' id='line_1_14' title="bbox 246 1725 1898 1814; baseline -0.001 -22"><span class='ocrx_word' id='word_1_161' title='bbox 246 1729 413 1814; x_wconf 87' lang='lat' dir='ltr'>quisquam</span> <span class='ocrx_word' id='word_1_162' title='bbox 438 1725 641 1791; x_wconf 88' lang='lat' dir='ltr'>sacerdotum</span> <span class='ocrx_word' id='word_1_163' title='bbox 666 1725 707 1790; x_wconf 93' lang='lat' dir='ltr'>de</span> <span class='ocrx_word' id='word_1_164' title='bbox 731 1729 874 1812; x_wconf 92' lang='lat' dir='ltr'>corporis</span> <span class='ocrx_word' id='word_1_165' title='bbox 898 1727 1007 1792; x_wconf 90' lang='lat' dir='ltr'>mundi</span> <span class='ocrx_word' id='word_1_166' title='bbox 1033 1729 1137 1792; x_wconf 90' lang='lat' dir='ltr'>solum</span> <span class='ocrx_word' id='word_1_167' title='bbox 1162 1729 1360 1793; x_wconf 91' lang='lat' dir='ltr'>conscientia</span> <span class='ocrx_word' id='word_1_168' title='bbox 1375 1726 1579 1814; x_wconf 79' lang='lat' dir='ltr'>supplaudat,</span> <span class='ocrx_word' id='word_1_169' title='bbox 1604 1749 1804 1793; x_wconf 91' lang='lat' dir='ltr'>cumeorum</span> <span class='ocrx_word' id='word_1_170' title='bbox 1828 1728 1898 1814; x_wconf 92' lang='lat' dir='ltr'>quis</span> 
     </span>
     <span class='ocr_line' id='line_1_15' title="bbox 245 1830 1898 1920; baseline -0.001 -24"><span class='ocrx_word' id='word_1_171' title='bbox 245 1838 386 1920; x_wconf 85' lang='lat' dir='ltr'>praeest,</span> <span class='ocrx_word' id='word_1_172' title='bbox 410 1832 437 1895; x_wconf 86' lang='lat' dir='ltr'>si</span> <span class='ocrx_word' id='word_1_173' title='bbox 460 1832 515 1917; x_wconf 94' lang='lat' dir='ltr'>qui</span> <span class='ocrx_word' id='word_1_174' title='bbox 537 1837 671 1918; x_wconf 89' lang='lat' dir='ltr'>propter</span> <span class='ocrx_word' id='word_1_175' title='bbox 694 1833 762 1896; x_wconf 87' lang='lat' dir='ltr'>eius</span> <span class='ocrx_word' id='word_1_176' title='bbox 784 1833 980 1918; x_wconf 86' lang='lat' dir='ltr'>imperitiam</span> <span class='ocrx_word' id='word_1_177' title='bbox 1003 1833 1055 1898; x_wconf 86' lang='lat' dir='ltr'>vel</span> <span class='ocrx_word' id='word_1_178' title='bbox 1086 1831 1244 1896; x_wconf 86' lang='lat' dir='ltr'>desidiam</span> <span class='ocrx_word' id='word_1_179' title='bbox 1268 1853 1326 1896; x_wconf 92' lang='lat' dir='ltr'>seu</span> <span class='ocrx_word' id='word_1_180' title='bbox 1351 1830 1570 1897; x_wconf 86' lang='lat' dir='ltr'>adulationem</span> <span class='ocrx_word' id='word_1_181' title='bbox 1593 1832 1766 1917; x_wconf 84' lang='lat' dir='ltr'>perierint,</span> <span class='ocrx_word' id='word_1_182' title='bbox 1788 1834 1822 1896; x_wconf 92' lang='lat' dir='ltr'>in</span> <span class='ocrx_word' id='word_1_183' title='bbox 1845 1830 1898 1896; x_wconf 88' lang='lat' dir='ltr'>die</span> 
     </span>
     <span class='ocr_line' id='line_1_16' title="bbox 194 1934 1900 2023; baseline -0.001 -21"><span class='ocrx_word' id='word_1_184' title='bbox 194 1953 219 1990; x_wconf 79' lang='lat'>¹⁵</span> <span class='ocrx_word' id='word_1_185' title='bbox 246 1937 355 2003; x_wconf 89' lang='lat' dir='ltr'>iudicii</span> <span class='ocrx_word' id='word_1_186' title='bbox 378 1935 419 2000; x_wconf 90' lang='lat' dir='ltr'>de</span> <span class='ocrx_word' id='word_1_187' title='bbox 443 1934 588 1999; x_wconf 91' lang='lat' dir='ltr'>eiusdem</span> <span class='ocrx_word' id='word_1_188' title='bbox 611 1935 769 2016; x_wconf 83' lang='lat' dir='ltr'>manibus,</span> <span class='ocrx_word' id='word_1_189' title='bbox 795 1935 893 2000; x_wconf 85' lang='lat' dir='ltr'>veluti</span> <span class='ocrx_word' id='word_1_190' title='bbox 915 1937 1147 2019; x_wconf 89' lang='lat' dir='ltr'>interfectoris,</span> <span class='ocrx_word' id='word_1_191' title='bbox 1178 1937 1305 2000; x_wconf 91' lang='lat' dir='ltr'>animae</span> <span class='ocrx_word' id='word_1_192' title='bbox 1330 1938 1548 2023; x_wconf 84' lang='lat' dir='ltr'>exquirantur.</span> <span class='ocrx_word' id='word_1_193' title='bbox 1594 1937 1668 2023; x_wconf 90' lang='lat' dir='ltr'>quic</span> <span class='ocrx_word' id='word_1_194' title='bbox 1691 1958 1752 2002; x_wconf 90' lang='lat' dir='ltr'>nec</span> <span class='ocrx_word' id='word_1_195' title='bbox 1777 1936 1900 2001; x_wconf 91' lang='lat' dir='ltr'>dulcior</span> 
     </span>
     <span class='ocr_line' id='line_1_17' title="bbox 246 2039 1899 2128; baseline -0.003 -21"><span class='ocrx_word' id='word_1_196' title='bbox 246 2063 334 2107; x_wconf 91' lang='lat' dir='ltr'>mors</span> <span class='ocrx_word' id='word_1_197' title='bbox 358 2060 441 2127; x_wconf 90' lang='lat' dir='ltr'>quae</span> <span class='ocrx_word' id='word_1_198' title='bbox 463 2039 599 2104; x_wconf 90' lang='lat' dir='ltr'>infertur</span> <span class='ocrx_word' id='word_1_199' title='bbox 621 2061 641 2104; x_wconf 88' lang='lat' dir='ltr'>a</span> <span class='ocrx_word' id='word_1_200' title='bbox 663 2040 749 2105; x_wconf 91' lang='lat' dir='ltr'>bono</span> <span class='ocrx_word' id='word_1_201' title='bbox 773 2061 902 2126; x_wconf 91' lang='lat' dir='ltr'>quoquc</span> <span class='ocrx_word' id='word_1_202' title='bbox 926 2041 1056 2106; x_wconf 90' lang='lat' dir='ltr'>homine</span> <span class='ocrx_word' id='word_1_203' title='bbox 1082 2063 1178 2128; x_wconf 89' lang='lat' dir='ltr'>quam</span> <span class='ocrx_word' id='word_1_204' title='bbox 1201 2042 1307 2106; x_wconf 89' lang='lat' dir='ltr'>malo:</span> <span class='ocrx_word' id='word_1_205' title='bbox 1333 2041 1473 2127; x_wconf 88' lang='lat' dir='ltr'>alioquin</span> <span class='ocrx_word' id='word_1_206' title='bbox 1494 2062 1560 2106; x_wconf 90' lang='lat' dir='ltr'>nou</span> <span class='ocrx_word' id='word_1_207' title='bbox 1576 2040 1711 2106; x_wconf 83' lang='lat' dir='ltr'>dixisset</span> <span class='ocrx_word' id='word_1_208' title='bbox 1734 2041 1899 2128; x_wconf 91' lang='lat' dir='ltr'>apostolus</span> 
     </span>
     <span class='ocr_line' id='line_1_18' title="bbox 246 2122 2042 2232; baseline 0.001 -21"><span class='ocrx_word' id='word_1_209' title='bbox 246 2147 335 2212; x_wconf 79' lang='lat' dir='ltr'>velut</span> <span class='ocrx_word' id='word_1_210' title='bbox 357 2150 528 2230; x_wconf 87' lang='lat' dir='ltr'>paternum</span> <span class='ocrx_word' id='word_1_211' title='bbox 551 2144 697 2228; x_wconf 89' lang='lat' dir='ltr'>legatum</span> <span class='ocrx_word' id='word_1_212' title='bbox 721 2146 786 2208; x_wconf 89' lang='lat' dir='ltr'>suis</span> <span class='ocrx_word' id='word_1_213' title='bbox 808 2146 1047 2211; x_wconf 88' lang='lat' dir='ltr'>successoribus</span> <span class='ocrx_word' id='word_1_214' title='bbox 1071 2145 1313 2231; x_wconf 90' lang='lat' dir='ltr'>derelinquens:</span> <span class='ocrx_word' id='word_1_215' title='bbox 1338 2145 1485 2210; x_wconf 86' lang='lat' dir='ltr'>‘mundus</span> <span class='ocrx_word' id='word_1_216' title='bbox 1511 2167 1573 2232; x_wconf 90' lang='lat' dir='ltr'>ego</span> <span class='ocrx_word' id='word_1_217' title='bbox 1597 2169 1667 2212; x_wconf 92' lang='lat' dir='ltr'>sum</span> <span class='ocrx_word' id='word_1_218' title='bbox 1691 2146 1732 2211; x_wconf 87' lang='lat' dir='ltr'>ab</span> <span class='ocrx_word' id='word_1_219' title='bbox 1758 2146 1899 2210; x_wconf 89' lang='lat' dir='ltr'>omniurn</span> <span class='ocrx_word' id='word_1_220' title='bbox 1909 2122 2042 2216; x_wconf 36' lang='lat' dir='ltr'>idjam</span> 
     </span>
     <span class='ocr_line' id='line_1_19' title="bbox 245 2247 1899 2337; baseline -0.001 -21"><span class='ocrx_word' id='word_1_221' title='bbox 245 2251 424 2336; x_wconf 83' lang='lat' dir='ltr'>‘sanguine</span> <span class='ocrx_word' id='word_1_222' title='bbox 474 2268 538 2312; x_wconf 89' lang='lat' dir='ltr'>non</span> <span class='ocrx_word' id='word_1_223' title='bbox 566 2249 651 2312; x_wconf 90' lang='lat' dir='ltr'>enim</span> <span class='ocrx_word' id='word_1_224' title='bbox 680 2249 870 2335; x_wconf 84' lang='lat' dir='ltr'>subterfugi,</span> <span class='ocrx_word' id='word_1_225' title='bbox 895 2271 957 2336; x_wconf 94' lang='lat' dir='ltr'>quo</span> <span class='ocrx_word' id='word_1_226' title='bbox 987 2251 1091 2314; x_wconf 89' lang='lat' dir='ltr'>minus</span> <span class='ocrx_word' id='word_1_227' title='bbox 1120 2251 1343 2314; x_wconf 88' lang='lat' dir='ltr'>annuntiarem</span> <span class='ocrx_word' id='word_1_228' title='bbox 1367 2249 1459 2314; x_wconf 84' lang='lat' dir='ltr'>vobis</span> <span class='ocrx_word' id='word_1_229' title='bbox 1492 2270 1585 2314; x_wconf 91' lang='lat' dir='ltr'>omne</span> <span class='ocrx_word' id='word_1_230' title='bbox 1616 2250 1802 2337; x_wconf 83' lang='lat' dir='ltr'>mysterium</span> <span class='ocrx_word' id='word_1_231' title='bbox 1826 2247 1899 2314; x_wconf 84' lang='lat' dir='ltr'>dei’.</span> 
     </span>
     <span class='ocr_line' id='line_1_20' title="bbox 247 2353 1900 2440; baseline -0.002 -20"><span class='ocrx_word' id='word_1_232' title='bbox 247 2356 447 2438; x_wconf 88' lang='lat' dir='ltr'>multumque</span> <span class='ocrx_word' id='word_1_233' title='bbox 471 2374 546 2418; x_wconf 91' lang='lat' dir='ltr'>narn</span> <span class='ocrx_word' id='word_1_234' title='bbox 569 2374 629 2417; x_wconf 91' lang='lat' dir='ltr'>usu</span> <span class='ocrx_word' id='word_1_235' title='bbox 648 2375 685 2418; x_wconf 91' lang='lat' dir='ltr'>ac</span> <span class='ocrx_word' id='word_1_236' title='bbox 709 2353 891 2439; x_wconf 87' lang='lat' dir='ltr'>frequentia</span> <span class='ocrx_word' id='word_1_237' title='bbox 914 2360 1121 2440; x_wconf 87' lang='lat' dir='ltr'>peccatorum</span> <span class='ocrx_word' id='word_1_238' title='bbox 1144 2354 1294 2418; x_wconf 89' lang='lat' dir='ltr'>inebriati</span> <span class='ocrx_word' id='word_1_239' title='bbox 1317 2359 1352 2416; x_wconf 62' lang='lat' dir='ltr'>&#39;ct</span> <span class='ocrx_word' id='word_1_240' title='bbox 1375 2354 1573 2418; x_wconf 89' lang='lat' dir='ltr'>incessanter</span> <span class='ocrx_word' id='word_1_241' title='bbox 1596 2355 1792 2419; x_wconf 89' lang='lat' dir='ltr'>irruentibus</span> <span class='ocrx_word' id='word_1_242' title='bbox 1807 2354 1900 2417; x_wconf 85' lang='lat' dir='ltr'>robis</span> 
     </span>
     <span class='ocr_line' id='line_1_21' title="bbox 193 2456 1901 2546; baseline 0.001 -24"><span class='ocrx_word' id='word_1_243' title='bbox 193 2481 219 2522; x_wconf 79' lang='lat' dir='ltr'>cc</span> <span class='ocrx_word' id='word_1_244' title='bbox 246 2459 405 2522; x_wconf 89' lang='lat' dir='ltr'>scelerum</span> <span class='ocrx_word' id='word_1_245' title='bbox 438 2459 669 2523; x_wconf 89' lang='lat' dir='ltr'>cumulatorum</span> <span class='ocrx_word' id='word_1_246' title='bbox 699 2478 736 2521; x_wconf 89' lang='lat' dir='ltr'>ac</span> <span class='ocrx_word' id='word_1_247' title='bbox 766 2458 792 2521; x_wconf 92' lang='lat' dir='ltr'>si</span> <span class='ocrx_word' id='word_1_248' title='bbox 818 2456 911 2521; x_wconf 88' lang='lat' dir='ltr'>undis</span> <span class='ocrx_word' id='word_1_249' title='bbox 940 2459 1084 2543; x_wconf 88' lang='lat' dir='ltr'>quassati</span> <span class='ocrx_word' id='word_1_250' title='bbox 1113 2479 1210 2522; x_wconf 89' lang='lat' dir='ltr'>unam</span> <span class='ocrx_word' id='word_1_251' title='bbox 1243 2458 1342 2522; x_wconf 84' lang='lat' dir='ltr'>veluti</span> <span class='ocrx_word' id='word_1_252' title='bbox 1374 2465 1447 2543; x_wconf 91' lang='lat' dir='ltr'>post</span> <span class='ocrx_word' id='word_1_253' title='bbox 1469 2459 1693 2544; x_wconf 84' lang='lat' dir='ltr'>naufragium,</span> <span class='ocrx_word' id='word_1_254' title='bbox 1716 2460 1748 2523; x_wconf 91' lang='lat' dir='ltr'>in</span> <span class='ocrx_word' id='word_1_255' title='bbox 1773 2480 1836 2546; x_wconf 91' lang='lat' dir='ltr'>qna</span> <span class='ocrx_word' id='word_1_256' title='bbox 1859 2458 1901 2523; x_wconf 90' lang='lat' dir='ltr'>ad</span> 
     </span>
     <span class='ocr_line' id='line_1_22' title="bbox 245 2560 1901 2647; baseline -0.001 -20"><span class='ocrx_word' id='word_1_257' title='bbox 245 2563 391 2627; x_wconf 83' lang='lat' dir='ltr'>rivorum</span> <span class='ocrx_word' id='word_1_258' title='bbox 414 2569 534 2626; x_wconf 89' lang='lat' dir='ltr'>terram</span> <span class='ocrx_word' id='word_1_259' title='bbox 558 2560 723 2638; x_wconf 85' lang='lat' dir='ltr'>evadatis,</span> <span class='ocrx_word' id='word_1_260' title='bbox 747 2562 967 2647; x_wconf 84' lang='lat' dir='ltr'>paenitentiae</span> <span class='ocrx_word' id='word_1_261' title='bbox 992 2561 1135 2626; x_wconf 91' lang='lat' dir='ltr'>tabulam</span> <span class='ocrx_word' id='word_1_262' title='bbox 1166 2568 1235 2626; x_wconf 92' lang='lat' dir='ltr'>toto</span> <span class='ocrx_word' id='word_1_263' title='bbox 1266 2562 1363 2626; x_wconf 86' lang='lat' dir='ltr'>animi</span> <span class='ocrx_word' id='word_1_264' title='bbox 1385 2562 1457 2625; x_wconf 89' lang='lat' dir='ltr'>nisu</span> <span class='ocrx_word' id='word_1_265' title='bbox 1480 2563 1654 2647; x_wconf 85' lang='lat' dir='ltr'>exquirite,</span> <span class='ocrx_word' id='word_1_266' title='bbox 1677 2569 1714 2627; x_wconf 91' lang='lat' dir='ltr'>ut</span> <span class='ocrx_word' id='word_1_267' title='bbox 1736 2569 1901 2627; x_wconf 88' lang='lat' dir='ltr'>avertatur</span> 
     </span>
     <span class='ocr_line' id='line_1_23' title="bbox 247 2664 2064 2752; baseline 0 -22"><span class='ocrx_word' id='word_1_268' title='bbox 247 2667 338 2730; x_wconf 92' lang='lat' dir='ltr'>furor</span> <span class='ocrx_word' id='word_1_269' title='bbox 360 2664 481 2730; x_wconf 90' lang='lat' dir='ltr'>domini</span> <span class='ocrx_word' id='word_1_270' title='bbox 504 2685 524 2729; x_wconf 91' lang='lat' dir='ltr'>a</span> <span class='ocrx_word' id='word_1_271' title='bbox 545 2664 903 2730; x_wconf 85' lang='lat' dir='ltr'>vobismisericorditer</span> <span class='ocrx_word' id='word_1_272' title='bbox 919 2665 1069 2731; x_wconf 89' lang='lat' dir='ltr'>dicentis:</span> <span class='ocrx_word' id='word_1_273' title='bbox 1095 2667 1179 2731; x_wconf 86' lang='lat' dir='ltr'>‘nolo</span> <span class='ocrx_word' id='word_1_274' title='bbox 1196 2672 1334 2730; x_wconf 90' lang='lat' dir='ltr'>mortem</span> <span class='ocrx_word' id='word_1_275' title='bbox 1350 2667 1539 2752; x_wconf 85' lang='lat' dir='ltr'>peccatoris,</span> <span class='ocrx_word' id='word_1_276' title='bbox 1563 2667 1621 2730; x_wconf 90' lang='lat' dir='ltr'>sed</span> <span class='ocrx_word' id='word_1_277' title='bbox 1644 2674 1680 2731; x_wconf 91' lang='lat' dir='ltr'>ut</span> <span class='ocrx_word' id='word_1_278' title='bbox 1695 2673 1900 2732; x_wconf 80' lang='lat' dir='ltr'>convertatur</span> <span class='ocrx_word' id='word_1_279' title='bbox 1910 2690 2064 2738; x_wconf 66' lang='lat' dir='ltr'>ranan.</span> 
     </span>
     <span class='ocr_line' id='line_1_24' title="bbox 247 2768 1899 2856; baseline 0 -22"><span class='ocrx_word' id='word_1_280' title='bbox 247 2777 280 2834; x_wconf 89' lang='lat' dir='ltr'>ct</span> <span class='ocrx_word' id='word_1_281' title='bbox 302 2768 410 2835; x_wconf 82' lang='lat' dir='ltr'>rinat&#39;.</span> <span class='ocrx_word' id='word_1_282' title='bbox 455 2771 524 2855; x_wconf 90' lang='lat' dir='ltr'>ipse</span> <span class='ocrx_word' id='word_1_283' title='bbox 548 2771 751 2856; x_wconf 91' lang='lat' dir='ltr'>omnipotens</span> <span class='ocrx_word' id='word_1_284' title='bbox 775 2769 855 2835; x_wconf 89' lang='lat' dir='ltr'>deus</span> <span class='ocrx_word' id='word_1_285' title='bbox 874 2772 972 2836; x_wconf 90' lang='lat' dir='ltr'>totius</span> <span class='ocrx_word' id='word_1_286' title='bbox 992 2772 1220 2836; x_wconf 88' lang='lat' dir='ltr'>consolationis</span> <span class='ocrx_word' id='word_1_287' title='bbox 1244 2777 1278 2834; x_wconf 90' lang='lat' dir='ltr'>ct</span> <span class='ocrx_word' id='word_1_288' title='bbox 1300 2768 1540 2834; x_wconf 88' lang='lat' dir='ltr'>misericordiae</span> <span class='ocrx_word' id='word_1_289' title='bbox 1563 2771 1773 2856; x_wconf 89' lang='lat' dir='ltr'>paucissimos</span> <span class='ocrx_word' id='word_1_290' title='bbox 1796 2771 1899 2836; x_wconf 92' lang='lat' dir='ltr'>bonos</span> 
     </span>
     <span class='ocr_line' id='line_1_25' title="bbox 246 2873 1900 2961; baseline 0 -23"><span class='ocrx_word' id='word_1_291' title='bbox 246 2882 393 2959; x_wconf 88' lang='lat' dir='ltr'>pastores</span> <span class='ocrx_word' id='word_1_292' title='bbox 416 2881 587 2938; x_wconf 81' lang='lat' dir='ltr'>conservet</span> <span class='ocrx_word' id='word_1_293' title='bbox 614 2873 655 2938; x_wconf 91' lang='lat' dir='ltr'>ab</span> <span class='ocrx_word' id='word_1_294' title='bbox 685 2874 770 2938; x_wconf 92' lang='lat' dir='ltr'>omni</span> <span class='ocrx_word' id='word_1_295' title='bbox 798 2875 882 2938; x_wconf 90' lang='lat' dir='ltr'>malo</span> <span class='ocrx_word' id='word_1_296' title='bbox 902 2880 946 2938; x_wconf 87' lang='lat' dir='ltr'>et</span> <span class='ocrx_word' id='word_1_297' title='bbox 973 2875 1150 2961; x_wconf 90' lang='lat' dir='ltr'>municipes</span> <span class='ocrx_word' id='word_1_298' title='bbox 1174 2874 1272 2938; x_wconf 91' lang='lat' dir='ltr'>faciat</span> <span class='ocrx_word' id='word_1_299' title='bbox 1295 2874 1429 2937; x_wconf 86' lang='lat' dir='ltr'>subacto</span> <span class='ocrx_word' id='word_1_300' title='bbox 1454 2874 1616 2937; x_wconf 88' lang='lat' dir='ltr'>communi</span> <span class='ocrx_word' id='word_1_301' title='bbox 1645 2875 1738 2940; x_wconf 90' lang='lat' dir='ltr'>hoste</span> <span class='ocrx_word' id='word_1_302' title='bbox 1762 2875 1900 2940; x_wconf 81' lang='lat' dir='ltr'>civitatis</span> 
     </span>
     <span class='ocr_line' id='line_1_26' title="bbox 194 2980 1899 3067; baseline 0.002 -27"><span class='ocrx_word' id='word_1_303' title='bbox 194 3000 218 3041; x_wconf 79' lang='lat' dir='ltr'>a</span> <span class='ocrx_word' id='word_1_304' title='bbox 246 2981 453 3047; x_wconf 88' lang='lat' dir='ltr'>Hierusalem</span> <span class='ocrx_word' id='word_1_305' title='bbox 469 2983 629 3064; x_wconf 88' lang='lat' dir='ltr'>caelestis,</span> <span class='ocrx_word' id='word_1_306' title='bbox 651 2982 711 3045; x_wconf 89' lang='lat' dir='ltr'>boc</span> <span class='ocrx_word' id='word_1_307' title='bbox 735 2988 794 3062; x_wconf 87' lang='lat' dir='ltr'>est,</span> <span class='ocrx_word' id='word_1_308' title='bbox 817 2989 999 3046; x_wconf 86' lang='lat' dir='ltr'>sanctorum</span> <span class='ocrx_word' id='word_1_309' title='bbox 1017 2983 1159 3046; x_wconf 90' lang='lat' dir='ltr'>omnium</span> <span class='ocrx_word' id='word_1_310' title='bbox 1175 2982 1447 3067; x_wconf 86' lang='lat' dir='ltr'>congregationis,</span> <span class='ocrx_word' id='word_1_311' title='bbox 1464 2986 1558 3066; x_wconf 89' lang='lat' dir='ltr'>pater</span> <span class='ocrx_word' id='word_1_312' title='bbox 1574 2988 1607 3045; x_wconf 91' lang='lat' dir='ltr'>et</span> <span class='ocrx_word' id='word_1_313' title='bbox 1621 2980 1704 3045; x_wconf 88' lang='lat' dir='ltr'>iilius</span> <span class='ocrx_word' id='word_1_314' title='bbox 1721 2986 1755 3044; x_wconf 88' lang='lat' dir='ltr'>et</span> <span class='ocrx_word' id='word_1_315' title='bbox 1770 2981 1899 3066; x_wconf 90' lang='lat' dir='ltr'>spiritus</span> 
     </span>
    </p>
   </div>
   <div class='ocr_carea' id='block_1_3' title="bbox 246 3085 1422 3170">
    <p class='ocr_par' dir='ltr' id='par_1_3' title="bbox 246 3085 1422 3170">
     <span class='ocr_line' id='line_1_27' title="bbox 246 3085 1422 3170; baseline -0.002 -20"><span class='ocrx_word' id='word_1_316' title='bbox 246 3092 385 3166; x_wconf 90' lang='lat' dir='ltr'>sanctus,</span> <span class='ocrx_word' id='word_1_317' title='bbox 410 3087 459 3149; x_wconf 92' lang='lat' dir='ltr'>cui</span> <span class='ocrx_word' id='word_1_318' title='bbox 484 3087 525 3149; x_wconf 91' lang='lat' dir='ltr'>sit</span> <span class='ocrx_word' id='word_1_319' title='bbox 546 3086 649 3149; x_wconf 91' lang='lat' dir='ltr'>bonor</span> <span class='ocrx_word' id='word_1_320' title='bbox 673 3092 706 3147; x_wconf 91' lang='lat' dir='ltr'>ct</span> <span class='ocrx_word' id='word_1_321' title='bbox 728 3086 831 3170; x_wconf 86' lang='lat' dir='ltr'>gloria</span> <span class='ocrx_word' id='word_1_322' title='bbox 855 3085 886 3148; x_wconf 94' lang='lat' dir='ltr'>in</span> <span class='ocrx_word' id='word_1_323' title='bbox 910 3087 1039 3148; x_wconf 86' lang='lat' dir='ltr'>saecula</span> <span class='ocrx_word' id='word_1_324' title='bbox 1062 3087 1272 3150; x_wconf 86' lang='lat' dir='ltr'>saeculorum.</span> <span class='ocrx_word' id='word_1_325' title='bbox 1318 3105 1422 3148; x_wconf 89' lang='lat' dir='ltr'>amen.</span> 
     </span>
    </p>
   </div>
   <div class='ocr_carea' id='block_1_4' title="bbox 250 3213 314 3221">
    <p class='ocr_par' dir='ltr' id='par_1_4' title="bbox 250 3213 314 3221">
     <span class='ocr_line' id='line_1_28' title="bbox 250 3213 314 3221; baseline -0.031 0"><span class='ocrx_word' id='word_1_326' title='bbox 250 3213 314 3221; x_wconf 68' lang='grc' dir='ltr'>...ι-.-</span> 
     </span>
    </p>
   </div>
   <div class='ocr_carea' id='block_1_5' title="bbox 351 3274 819 3344">
    <p class='ocr_par' dir='ltr' id='par_1_5' title="bbox 351 3274 819 3344">
     <span class='ocr_line' id='line_1_29' title="bbox 351 3274 819 3344; baseline -0.004 -16"><span class='ocrx_word' id='word_1_327' title='bbox 351 3277 374 3328; x_wconf 78' lang='lat' dir='ltr'><em>O</em></span> <span class='ocrx_word' id='word_1_328' title='bbox 387 3275 459 3344; x_wconf 64' lang='lat' dir='ltr'>(sinit</span> <span class='ocrx_word' id='word_1_329' title='bbox 476 3293 495 3327; x_wconf 91' lang='lat' dir='ltr'>c.</span> <span class='ocrx_word' id='word_1_330' title='bbox 512 3274 544 3327; x_wconf 83' lang='grc'>19</span> <span class='ocrx_word' id='word_1_331' title='bbox 561 3274 730 3340; x_wconf 79' lang='lat' dir='ltr'>irruentibus)</span> <span class='ocrx_word' id='word_1_332' title='bbox 743 3274 819 3339; x_wconf 81' lang='lat' dir='ltr'>DPQ</span> 
     </span>
    </p>
   </div>
   <div class='ocr_carea' id='block_1_6' title="bbox 244 3393 1901 4143">
    <p class='ocr_par' dir='ltr' id='par_1_6' title="bbox 244 3393 1901 4143">
     <span class='ocr_line' id='line_1_30' title="bbox 350 3393 1900 3465; baseline 0 -17"><span class='ocrx_word' id='word_1_333' title='bbox 350 3395 524 3463; x_wconf 86' lang='lat' dir='ltr'>lquidcmP</span> <span class='ocrx_word' id='word_1_334' title='bbox 603 3398 705 3448; x_wconf 86' lang='lat' dir='ltr'>factura</span> <span class='ocrx_word' id='word_1_335' title='bbox 723 3395 966 3463; x_wconf 83' lang='lat' dir='ltr'>pronuncianturP</span> <span class='ocrx_word' id='word_1_336' title='bbox 1044 3400 1070 3447; x_wconf 90' lang='lat' dir='ltr'>ct</span> <span class='ocrx_word' id='word_1_337' title='bbox 1088 3412 1136 3445; x_wconf 86' lang='lat' dir='ltr'>om.</span> <span class='ocrx_word' id='word_1_338' title='bbox 1150 3394 1176 3445; x_wconf 89' lang='lat' dir='ltr'><em>P</em></span> <span class='ocrx_word' id='word_1_339' title='bbox 1291 3393 1483 3462; x_wconf 78' lang='lat' dir='ltr'>2irnpigcrunt</span> <span class='ocrx_word' id='word_1_340' title='bbox 1496 3395 1523 3445; x_wconf 92' lang='lat' dir='ltr'><em>D</em></span> <span class='ocrx_word' id='word_1_341' title='bbox 1603 3395 1718 3465; x_wconf 84' lang='lat' dir='ltr'>eiusque]</span> <span class='ocrx_word' id='word_1_342' title='bbox 1734 3394 1809 3462; x_wconf 66' lang='lat'><em>0120,</em></span> <span class='ocrx_word' id='word_1_343' title='bbox 1834 3398 1900 3448; x_wconf 88' lang='lat' dir='ltr'>cius-</span> 
     </span>
     <span class='ocr_line' id='line_1_31' title="bbox 245 3479 1834 3550; baseline -0.001 -16"><span class='ocrx_word' id='word_1_344' title='bbox 245 3485 353 3550; x_wconf 89' lang='lat' dir='ltr'>demque</span> <span class='ocrx_word' id='word_1_345' title='bbox 367 3483 394 3533; x_wconf 88' lang='lat' dir='ltr'><em>D</em></span> <span class='ocrx_word' id='word_1_346' title='bbox 506 3481 672 3548; x_wconf 72' lang='lat' dir='ltr'>ldisccditc]</span> <span class='ocrx_word' id='word_1_347' title='bbox 688 3483 764 3548; x_wconf 72' lang='lat'><strong><em>01²0,</em></strong></span> <span class='ocrx_word' id='word_1_348' title='bbox 783 3484 872 3534; x_wconf 86' lang='lat' dir='ltr'>discite</span> <span class='ocrx_word' id='word_1_349' title='bbox 886 3481 913 3531; x_wconf 92' lang='lat' dir='ltr'><em>D</em></span> <span class='ocrx_word' id='word_1_350' title='bbox 994 3499 1053 3533; x_wconf 89' lang='lat' dir='ltr'>cunr</span> <span class='ocrx_word' id='word_1_351' title='bbox 1072 3479 1168 3547; x_wconf 80' lang='lat' dir='ltr'>haedis]</span> <span class='ocrx_word' id='word_1_352' title='bbox 1188 3482 1301 3533; x_wconf 91' lang='lat' dir='ltr'>bccdiP</span> <span class='ocrx_word' id='word_1_353' title='bbox 1415 3482 1539 3535; x_wconf 70' lang='lat' dir='ltr'>omnen</span> <span class='ocrx_word' id='word_1_354' title='bbox 1558 3500 1605 3533; x_wconf 88' lang='lat' dir='ltr'>cm.</span> <span class='ocrx_word' id='word_1_355' title='bbox 1620 3483 1647 3532; x_wconf 77' lang='lat'>1)</span> <span class='ocrx_word' id='word_1_356' title='bbox 1726 3482 1900 3536; x_wconf 83' lang='lat' dir='ltr'>colueris</span> 
     </span>
     <span class='ocr_line' id='line_1_32' title="bbox 245 3567 1900 3637; baseline 0.001 -17"><span class='ocrx_word' id='word_1_357' title='bbox 245 3567 471 3637; x_wconf 85' lang='lat' dir='ltr'>iiquaccunrquc]</span> <span class='ocrx_word' id='word_1_358' title='bbox 487 3571 510 3621; x_wconf 83' lang='lat'><em>0</em></span> <span class='ocrx_word' id='word_1_359' title='bbox 524 3567 620 3634; x_wconf 69' lang='lat' dir='ltr'>(spatio</span> <span class='ocrx_word' id='word_1_360' title='bbox 638 3570 790 3635; x_wconf 80' lang='lat' dir='ltr'>requiritur)</span> <span class='ocrx_word' id='word_1_361' title='bbox 803 3568 858 3632; x_wconf 78' lang='lat' dir='ltr'>Po,</span> <span class='ocrx_word' id='word_1_362' title='bbox 877 3587 925 3620; x_wconf 77' lang='lat' dir='ltr'>cnr.</span> <span class='ocrx_word' id='word_1_363' title='bbox 941 3569 966 3618; x_wconf 84' lang='grc' dir='ltr'>Ι)</span> <span class='ocrx_word' id='word_1_364' title='bbox 1053 3567 1120 3620; x_wconf 68' lang='lat'>801,</span> <span class='ocrx_word' id='word_1_365' title='bbox 1138 3568 1206 3620; x_wconf 83' lang='lat' dir='ltr'>ecclc</span> <span class='ocrx_word' id='word_1_366' title='bbox 1223 3569 1261 3619; x_wconf 74' lang='lat' dir='ltr'>bic</span> <span class='ocrx_word' id='word_1_367' title='bbox 1274 3569 1300 3618; x_wconf 83' lang='grc'>1)</span> <span class='ocrx_word' id='word_1_368' title='bbox 1353 3567 1475 3636; x_wconf 81' lang='lat' dir='ltr'>adempti]</span> <span class='ocrx_word' id='word_1_369' title='bbox 1493 3570 1578 3636; x_wconf 85' lang='lat' dir='ltr'>adepti</span> <span class='ocrx_word' id='word_1_370' title='bbox 1593 3570 1640 3620; x_wconf 81' lang='lat' dir='ltr'>OD</span> <span class='ocrx_word' id='word_1_371' title='bbox 1692 3569 1808 3636; x_wconf 79' lang='lat' dir='ltr'>funibus]</span> <span class='ocrx_word' id='word_1_372' title='bbox 1825 3570 1900 3633; x_wconf 71' lang='lat'><em>01³0,</em></span> 
     </span>
     <span class='ocr_line' id='line_1_33' title="bbox 245 3653 1899 3724; baseline 0.001 -16"><span class='ocrx_word' id='word_1_373' title='bbox 245 3659 341 3712; x_wconf 86' lang='lat' dir='ltr'>finibus</span> <span class='ocrx_word' id='word_1_374' title='bbox 355 3659 381 3707; x_wconf 85' lang='lat' dir='ltr'>Il</span> <span class='ocrx_word' id='word_1_375' title='bbox 457 3659 572 3709; x_wconf 86' lang='lat' dir='ltr'>solomon</span> <span class='ocrx_word' id='word_1_376' title='bbox 585 3657 611 3707; x_wconf 88' lang='lat' dir='ltr'><em>P</em></span> <span class='ocrx_word' id='word_1_377' title='bbox 708 3655 780 3708; x_wconf 85' lang='lat' dir='ltr'>9ait</span> <span class='ocrx_word' id='word_1_378' title='bbox 797 3675 846 3709; x_wconf 77' lang='lat' dir='ltr'>cnr.</span> <span class='ocrx_word' id='word_1_379' title='bbox 861 3656 887 3706; x_wconf 85' lang='grc'>1)</span> <span class='ocrx_word' id='word_1_380' title='bbox 956 3653 1098 3720; x_wconf 86' lang='lat' dir='ltr'>criniculis]</span> <span class='ocrx_word' id='word_1_381' title='bbox 1113 3655 1166 3717; x_wconf 76' lang='lat' dir='ltr'>OQ,</span> <span class='ocrx_word' id='word_1_382' title='bbox 1185 3656 1307 3706; x_wconf 87' lang='lat' dir='ltr'>funiculis</span> <span class='ocrx_word' id='word_1_383' title='bbox 1321 3655 1373 3706; x_wconf 91' lang='lat' dir='ltr'>DP</span> <span class='ocrx_word' id='word_1_384' title='bbox 1442 3653 1555 3722; x_wconf 82' lang='lat' dir='ltr'>quaque]</span> <span class='ocrx_word' id='word_1_385' title='bbox 1574 3657 1666 3721; x_wconf 83' lang='lat' dir='ltr'>qnaP</span> <span class='ocrx_word' id='word_1_386' title='bbox 1771 3656 1804 3708; x_wconf 88' lang='grc'>10</span> <span class='ocrx_word' id='word_1_387' title='bbox 1820 3674 1899 3724; x_wconf 88' lang='lat' dir='ltr'>supra</span> 
     </span>
     <span class='ocr_line' id='line_1_34' title="bbox 245 3740 1900 3811; baseline 0.001 -17"><span class='ocrx_word' id='word_1_388' title='bbox 245 3744 361 3808; x_wconf 89' lang='lat' dir='ltr'>modum]</span> <span class='ocrx_word' id='word_1_389' title='bbox 377 3744 428 3808; x_wconf 79' lang='lat' dir='ltr'>OQ,</span> <span class='ocrx_word' id='word_1_390' title='bbox 448 3760 526 3811; x_wconf 88' lang='lat' dir='ltr'>supra</span> <span class='ocrx_word' id='word_1_391' title='bbox 544 3744 667 3794; x_wconf 87' lang='lat' dir='ltr'>mundum</span> <span class='ocrx_word' id='word_1_392' title='bbox 682 3743 712 3808; x_wconf 90' lang='lat' dir='ltr'>P,</span> <span class='ocrx_word' id='word_1_393' title='bbox 730 3744 800 3793; x_wconf 85' lang='lat' dir='ltr'>ultra</span> <span class='ocrx_word' id='word_1_394' title='bbox 817 3744 920 3793; x_wconf 88' lang='lat' dir='ltr'>modum</span> <span class='ocrx_word' id='word_1_395' title='bbox 934 3742 961 3791; x_wconf 91' lang='grc' dir='ltr'>Ι)</span> <span class='ocrx_word' id='word_1_396' title='bbox 1031 3751 1134 3810; x_wconf 87' lang='lat' dir='ltr'>propter</span> <span class='ocrx_word' id='word_1_397' title='bbox 1145 3741 1171 3792; x_wconf 89' lang='lat' dir='ltr'><em>P</em></span> <span class='ocrx_word' id='word_1_398' title='bbox 1265 3740 1341 3806; x_wconf 66' lang='lat' dir='ltr'>nlla</span> <span class='ocrx_word' id='word_1_399' title='bbox 1359 3744 1481 3794; x_wconf 83' lang='lat' dir='ltr'>infaustis</span> <span class='ocrx_word' id='word_1_400' title='bbox 1499 3751 1517 3793; x_wconf 86' lang='lat' dir='ltr'>t.</span> <span class='ocrx_word' id='word_1_401' title='bbox 1536 3740 1682 3809; x_wconf 81' lang='lat' dir='ltr'>ergastulis]</span> <span class='ocrx_word' id='word_1_402' title='bbox 1698 3742 1752 3806; x_wconf 82' lang='lat'>01),</span> <span class='ocrx_word' id='word_1_403' title='bbox 1771 3745 1798 3794; x_wconf 90' lang='lat' dir='ltr'>in</span> <span class='ocrx_word' id='word_1_404' title='bbox 1817 3745 1863 3796; x_wconf 92' lang='lat' dir='ltr'>inf.</span> <span class='ocrx_word' id='word_1_405' title='bbox 1883 3753 1900 3795; x_wconf 77' lang='lat' dir='ltr'>t</span> 
     </span>
     <span class='ocr_line' id='line_1_35' title="bbox 246 3825 1901 3902; baseline -0.002 -20"><span class='ocrx_word' id='word_1_406' title='bbox 246 3847 299 3898; x_wconf 85' lang='lat' dir='ltr'>arg.</span> <span class='ocrx_word' id='word_1_407' title='bbox 313 3830 362 3892; x_wconf 78' lang='lat' dir='ltr'>Po</span> <span class='ocrx_word' id='word_1_408' title='bbox 451 3828 483 3882; x_wconf 88' lang='lat'>13</span> <span class='ocrx_word' id='word_1_409' title='bbox 501 3826 569 3902; x_wconf 88' lang='lat' dir='ltr'>quis]</span> <span class='ocrx_word' id='word_1_410' title='bbox 585 3830 612 3895; x_wconf 78' lang='lat' dir='ltr'>d,</span> <span class='ocrx_word' id='word_1_411' title='bbox 631 3831 704 3896; x_wconf 87' lang='lat' dir='ltr'>queis</span> <span class='ocrx_word' id='word_1_412' title='bbox 719 3829 748 3894; x_wconf 80' lang='lat' dir='ltr'>Q,</span> <span class='ocrx_word' id='word_1_413' title='bbox 767 3830 862 3894; x_wconf 89' lang='lat' dir='ltr'>quibus</span> <span class='ocrx_word' id='word_1_414' title='bbox 875 3829 928 3880; x_wconf 90' lang='lat' dir='ltr'>DP</span> <span class='ocrx_word' id='word_1_415' title='bbox 1016 3827 1046 3879; x_wconf 82' lang='lat'>14</span> <span class='ocrx_word' id='word_1_416' title='bbox 1063 3830 1108 3895; x_wconf 90' lang='lat' dir='ltr'>qui</span> <span class='ocrx_word' id='word_1_417' title='bbox 1126 3845 1174 3879; x_wconf 85' lang='lat' dir='ltr'>om.</span> <span class='ocrx_word' id='word_1_418' title='bbox 1188 3828 1214 3879; x_wconf 90' lang='lat' dir='ltr'><em>P</em></span> <span class='ocrx_word' id='word_1_419' title='bbox 1275 3825 1331 3894; x_wconf 86' lang='lat' dir='ltr'>uel]</span> <span class='ocrx_word' id='word_1_420' title='bbox 1350 3828 1433 3880; x_wconf 85' lang='lat' dir='ltr'>scuP</span> <span class='ocrx_word' id='word_1_421' title='bbox 1492 3826 1623 3895; x_wconf 86' lang='lat' dir='ltr'>perierint]</span> <span class='ocrx_word' id='word_1_422' title='bbox 1640 3829 1715 3893; x_wconf 79' lang='lat' dir='ltr'>OPQ,</span> <span class='ocrx_word' id='word_1_423' title='bbox 1734 3829 1901 3897; x_wconf 86' lang='lat' dir='ltr'>perieruntD</span> 
     </span>
     <span class='ocr_line' id='line_1_36' title="bbox 247 3912 1899 3983; baseline -0.001 -15"><span class='ocrx_word' id='word_1_424' title='bbox 247 3917 279 3968; x_wconf 82' lang='grc'>15</span> <span class='ocrx_word' id='word_1_425' title='bbox 297 3917 384 3968; x_wconf 88' lang='lat' dir='ltr'>indicii</span> <span class='ocrx_word' id='word_1_426' title='bbox 398 3917 424 3968; x_wconf 89' lang='lat' dir='ltr'><em>P</em></span> <span class='ocrx_word' id='word_1_427' title='bbox 538 3915 570 3969; x_wconf 89' lang='grc'>16</span> <span class='ocrx_word' id='word_1_428' title='bbox 588 3913 667 3983; x_wconf 89' lang='lat' dir='ltr'>quac]</span> <span class='ocrx_word' id='word_1_429' title='bbox 685 3932 763 3982; x_wconf 87' lang='lat' dir='ltr'>quarn</span> <span class='ocrx_word' id='word_1_430' title='bbox 782 3933 849 3982; x_wconf 85' lang='lat' dir='ltr'>quae</span> <span class='ocrx_word' id='word_1_431' title='bbox 862 3916 887 3967; x_wconf 92' lang='lat' dir='ltr'><em>P</em></span> <span class='ocrx_word' id='word_1_432' title='bbox 967 3914 1078 3982; x_wconf 84' lang='lat' dir='ltr'>abono]</span> <span class='ocrx_word' id='word_1_433' title='bbox 1096 3917 1130 3967; x_wconf 85' lang='lat' dir='ltr'>ab</span> <span class='ocrx_word' id='word_1_434' title='bbox 1149 3933 1202 3966; x_wconf 91' lang='lat' dir='ltr'>unc</span> <span class='ocrx_word' id='word_1_435' title='bbox 1215 3915 1240 3965; x_wconf 90' lang='lat' dir='ltr'><em>P</em></span> <span class='ocrx_word' id='word_1_436' title='bbox 1319 3912 1407 3983; x_wconf 80' lang='lat' dir='ltr'>quam]</span> <span class='ocrx_word' id='word_1_437' title='bbox 1427 3932 1477 3981; x_wconf 88' lang='lat' dir='ltr'>qne</span> <span class='ocrx_word' id='word_1_438' title='bbox 1490 3914 1516 3965; x_wconf 93' lang='lat' dir='ltr'><em>P</em></span> <span class='ocrx_word' id='word_1_439' title='bbox 1631 3913 1662 3966; x_wconf 84' lang='grc'>17</span> <span class='ocrx_word' id='word_1_440' title='bbox 1682 3913 1807 3982; x_wconf 89' lang='lat' dir='ltr'>omnium]</span> <span class='ocrx_word' id='word_1_441' title='bbox 1823 3915 1899 3982; x_wconf 73' lang='lat'><strong><em>01²0,</em></strong></span> 
     </span>
     <span class='ocr_line' id='line_1_37' title="bbox 244 3999 1901 4070; baseline -0.001 -15"><span class='ocrx_word' id='word_1_442' title='bbox 244 4004 354 4055; x_wconf 89' lang='lat' dir='ltr'>omniD</span> <span class='ocrx_word' id='word_1_443' title='bbox 458 4001 490 4055; x_wconf 88' lang='grc'>18</span> <span class='ocrx_word' id='word_1_444' title='bbox 507 4004 677 4054; x_wconf 87' lang='lat' dir='ltr'>ministerium</span> <span class='ocrx_word' id='word_1_445' title='bbox 692 4001 744 4053; x_wconf 89' lang='lat' dir='ltr'>DP</span> <span class='ocrx_word' id='word_1_446' title='bbox 849 4000 880 4053; x_wconf 87' lang='lat'>19</span> <span class='ocrx_word' id='word_1_447' title='bbox 897 4019 948 4070; x_wconf 91' lang='lat' dir='ltr'>quc</span> <span class='ocrx_word' id='word_1_448' title='bbox 966 3999 1036 4069; x_wconf 88' lang='lat' dir='ltr'>nam]</span> <span class='ocrx_word' id='word_1_449' title='bbox 1051 4001 1167 4068; x_wconf 63' lang='lat' dir='ltr'>omno,</span> <span class='ocrx_word' id='word_1_450' title='bbox 1187 4019 1289 4068; x_wconf 82' lang='lat' dir='ltr'>nanque</span> <span class='ocrx_word' id='word_1_451' title='bbox 1302 4001 1327 4053; x_wconf 93' lang='lat' dir='ltr'><em>P</em></span> <span class='ocrx_word' id='word_1_452' title='bbox 1436 4001 1467 4054; x_wconf 82' lang='lat'>21</span> <span class='ocrx_word' id='word_1_453' title='bbox 1489 4001 1672 4067; x_wconf 84' lang='lat' dir='ltr'>exquiratisD</span> <span class='ocrx_word' id='word_1_454' title='bbox 1788 4001 1824 4053; x_wconf 77' lang='lat'>24</span> <span class='ocrx_word' id='word_1_455' title='bbox 1841 4004 1901 4054; x_wconf 87' lang='lat' dir='ltr'>sub-</span> 
     </span>
     <span class='ocr_line' id='line_1_38' title="bbox 246 4089 542 4143; baseline -0.007 -1"><span class='ocrx_word' id='word_1_456' title='bbox 246 4098 305 4142; x_wconf 79' lang='lat' dir='ltr'>acto</span> <span class='ocrx_word' id='word_1_457' title='bbox 322 4107 344 4142; x_wconf 88' lang='lat' dir='ltr'>c.</span> <span class='ocrx_word' id='word_1_458' title='bbox 363 4091 435 4143; x_wconf 82' lang='lat' dir='ltr'>hoste</span> <span class='ocrx_word' id='word_1_459' title='bbox 454 4107 501 4141; x_wconf 84' lang='lat' dir='ltr'>om.</span> <span class='ocrx_word' id='word_1_460' title='bbox 516 4089 542 4140; x_wconf 88' lang='lat' dir='ltr'><em>P</em></span> 
     </span>
    </p>
   </div>
   <div class='ocr_carea' id='block_1_7' title="bbox 0 0 2326 6276">
    <p class='ocr_par' dir='ltr' id='par_1_7' title="bbox 0 0 2326 6276">
     <span class='ocr_line' id='line_1_39' title="bbox 0 0 2326 6276; baseline 0 0"><span class='ocrx_word' id='word_1_461' title='bbox 0 0 2326 6276; x_wconf 95' lang='lat' dir='ltr'> </span> 
     </span>
    </p>
   </div>
  </div>
 </body>
</html>
