4598 6300
407 369 469 431 232
986 362 1106 418 Banna
1127 362 1313 417 canentes
1332 359 1486 415 Murena.

405 539 466 604 cali
499 545 535 602 ut
568 539 737 602 subiuncta
772 558 900 624 quoquc
936 537 977 601 de
1011 538 1102 623 papis
1140 537 1314 602 Sabiniano
1350 542 1383 600 ct
1416 532 1590 598 Bonifatio.
1651 536 1828 616 sequuntur
1856 528 1994 595 Bedana
2023 529 2066 594 de

404 642 552 706 Pantheo
577 644 713 707 ecclesia
737 645 841 706 5536
866 647 899 704 et
922 641 962 704 de
985 641 1071 705 bello
1097 641 1225 705 Persico
1248 662 1274 705 e.
1293 643 1365 704 537.

507 746 721 811 Bononiensis
757 745 973 809 universitatis
1006 743 1049 809 M.
1073 743 1146 808 XV.
1172 748 1212 808 50
1249 744 1294 828 (n.
1320 741 1436 828 2537),
1469 747 1566 804 antea
1605 739 1637 804 S.
1662 739 1853 818 Salvatoris‚
1888 759 1973 803 saec.
1999 737 2066 802 XV
2194 807 2198 813 ,

404 849 554 914 chronica
576 849 688 915 Bedae
711 850 834 914 maiora
856 849 959 914 habet
982 850 1052 912 sine
1076 848 1283 934 inscriptione
1308 854 1341 912 et
1364 847 1618 932 subscriptione;
1642 844 1798 931 incipiunt
1819 844 1857 907 de
1878 865 1934 908 sea
1950 841 2067 906 mandi

403 953 510 1031 ira-ias,
533 953 647 1018 finiunt
669 953 854 1018 recondidit.
898 952 1013 1033 Leoni,
1037 953 1069 1016 in
1093 973 1155 1038 quo
1179 953 1249 1016 6541
1272 951 1374 1033 Beda,
1400 950 1598 1036 adseripbrm
1621 955 1671 1012 est
1693 949 1784 1034 regni
1809 947 1948 1033 spatium
1971 952 2007 1009 51
2030 946 2065 1010 45

403 1062 511 1120 555155
527 1056 562 1120 F
580 1078 678 1122 manu
700 1057 852 1123 secunda.
891 1057 1087 1142 interpolata
1104 1062 1177 1120 sunt
1192 1057 1314 1142 pariter
1329 1063 1426 1142 atqua
1443 1056 1474 1120 in
1492 1074 1531 1118 eo
1548 1053 1698 1118 chronica
1715 1051 1894 1116 Isidoriana
1912 1050 2066 1115 distincta

405 1181 425 1224 a
448 1160 590 1225 Bedanis
614 1163 721 1226 colore
742 1161 849 1225 rubro.

507 1265 728 1330 Bruxeliensis
751 1287 782 1328 n.
803 1267 1015 1328 4761-1764
1039 1284 1124 1327 5555.
1141 1263 1191 1344 X,
1223 1263 1264 1328 dc
1294 1283 1356 1348 qno
1379 1262 1476 1326 5514
1502 1282 1533 1347 p.
1550 1264 1611 1326 617
1637 1259 1705 1323 dixi
1728 1257 1828 1324 adens
1851 1256 1925 1322 iude
1949 1279 2063 1321 narra-

403 1369 524 1433 tionem
548 1369 589 1434 dc
612 1369 861 1455 imperatoribus
885 1368 999 1433 domus
1015 1367 1274 1448 Valentinianae,
1299 1368 1382 1431 inter
1404 1367 1493 1431 varia
1515 1366 1561 1430 ibi
1578 1369 1766 1429 enumerata
1783 1367 1938 1448 excerpta
1961 1361 2065 1426 habet

404 1494 446 1536 ex
469 1473 625 1537 chronicis
648 1472 760 1538 Bedae
783 1473 958 1538 maioribus
988 1473 1173 1558 incipientia
1196 1495 1221 1537 c.
1239 1475 1318 1537 463:
1353 1472 1518 1536 Arcadias
1545 1469 1635 1550 [ilias
1665 1467 1829 1532 Iircoriosii
1858 1487 1929 1530 caru
1959 1465 2066 1544 fratre

405 1575 562 1652 Honorio,
585 1576 729 1640 finientia
751 1597 778 1640 c.
797 1580 875 1640 520:
901 1575 1005 1639 Victor
1030 1597 1151 1656 555555
1183 1574 1359 1655 &placans
1389 1576 1553 1655 5545545555
1579 1573 1695 1638 librator
1717 1572 1754 1635 dc
1770 1570 1894 1652 5555155
1923 1569 2066 1632 scriberes

411 1679 546 1743 Victor-is
567 1679 676 1759 555541
699 1699 826 1757 errores,
851 1701 890 1744 eo
914 1679 983 1742 solo
1006 1680 1135 1743 nomine
1158 1678 1323 1760 notabilia,
1348 1678 1434 1764 quod
1458 1698 1497 1741 ea
1520 1677 1643 1762 origine
1665 1695 1730 1738 non
1753 1674 1864 1758 agnita
1886 1673 2064 1736 Ruinartus

403 1785 434 1847 in
466 1783 598 1846 historia
626 1785 856 1869 persecutionis
876 1783 1075 1848 Vandalicas
1100 1804 1128 1846 a.
1156 1787 1233 1847 1664
1262 1781 1364 1846 edidit
1395 1803 1459 1845 una
1488 1803 1560 1846 cum
1589 1781 1655 1844 rita
1681 1778 1820 1863 Bugenii
1849 1776 2065 1842 Gennadiana

405 1907 487 1972 quae
510 1886 678 1973 praecedit
701 1888 759 1952 sub
784 1889 875 1952 titulo
900 1887 1069 1951 chronicon
1091 1887 1178 1950 brace
1201 1909 1239 1950 ca
1261 1886 1383 1950 dccobas
1398 1885 1627 1964 manuscriptis
1642 1883 1857 1969 repetivitque
1874 1879 2063 1945 Roncallius

403 1994 435 2056 in
458 1991 614 2056 chronicis
638 1992 737 2056 5512
765 2014 796 2078 p.
821 1995 1000 2056 nst-264.
1054 1990 1190 2056 Bedana
1220 2011 1291 2054 essa
1322 1990 1472 2076 exposuit
1503 1987 1585 2054 Lud.
1611 1985 1758 2052 Schmidt
1780 2006 1875 2050 treacs
1897 1984 2063 2048 Archivll

404 2093 520 2181 (1884)
543 2117 574 2181 p.
597 2098 654 2160 198
668 2116 736 2180 seq.

506 2199 728 2264 Bruxellensis
751 2221 780 2263 n.
799 2202 1011 2262 6436-6451
1038 2219 1122 2262 saec.
1143 2197 1175 2260 X
1192 2195 1246 2280 (51.
1263 2199 1326 2261 551.
1351 2202 1363 2259 1
1389 2219 1419 2282 p.
1436 2201 1497 2260 566
1522 2217 1553 2259 5.
1570 2198 1611 2259 32
1636 2203 1668 2258 ct
1692 2195 1792 2259 5511
1816 2215 1846 2278 p.
1864 2192 1930 2277 47),
1954 2193 2013 2256 sub
2029 2213 2062 2255 n.

404 2307 488 2368 6449
513 2310 693 2368 extremam
718 2308 842 2387 partem
865 2301 1086 2365 chronicorum
1102 2300 1215 2364 Bedae
1239 2301 1396 2365 maiorum
1421 2301 1565 2381 exhibet,
1592 2299 1829 2385 praescribens:
1853 2297 2064 2376 Ι4155455456

404 2406 553 2470 51555455
575 2407 615 2469 ab
638 2427 724 2469 anna
740 2405 976 2468 irrcarnatr'onis
990 2405 1181 2482 dominicac;
1203 2404 1358 2488 incipiunt
1382 2425 1408 2467 c.
1426 2407 1501 2466 557:
1519 2403 1726 2466 [castiniacae
1748 2401 1851 2464 rainer
1865 2399 1955 2480 (iiius
1978 2399 2062 2465 Coa-

402 2510 553 2585 stantinr',
584 2510 776 2594 perveniunt
805 2507 846 2572 ad
875 2509 972 2573 finem
1000 2507 1225 2590 Bedanorum‚
1257 2508 1312 2572 ubi
1343 2510 1574 2594 subscriptum:
1606 2508 1768 2587 65555555
1789 2506 1883 2570 Beda
1905 2505 2064 2586 presbiter

404 2611 584 2676 chronicam
606 2633 699 2676 saara
714 2613 879 2693 perducit.
924 2613 1119 2699 interpolata
1142 2619 1216 2676 sunt
1238 2612 1335 2676 haec:

508 2719 706 2795 55645551
734 2722 828 2801 55515
859 2723 909 2780 551
941 2721 974 2779 51
1004 2715 1183 2781 destructa:
1209 2723 1282 2801 post
1304 2716 1484 2779 Iohannem
1509 2715 1622 2779 Conon
1647 2716 1869 2801 episcopatum
1892 2714 2063 2777 Romanae

559 2819 719 2884 aeclesiae
737 2827 770 2885 51
784 2827 858 2905 5551
869 2819 1034 2884 Cononem
1052 2821 1194 2906 Sergius.
1227 2821 1421 2884 ,Iustinianus
1438 2819 1620 2884 Romanum
1636 2819 1821 2904 pontificem
1842 2818 1991 2903 Sergium
2005 2821 2062 2880 act.

510 2943 537 2984 c.
556 2925 617 2985 566
635 2929 709 3003 5551
732 2922 967 3006 (Vilbrordum)
999 2925 1200 3010 episcopum:
1237 2924 1426 3009 peregrinus
1456 2925 1542 2988 enlm
1576 2928 1646 2988 crat
1674 2923 1714 2988 de
1744 2923 1924 2987 Brittannia
1953 2923 2063 3006 gentis

559 3026 755 3112 Auginum,
777 3029 810 3092 in
833 3049 897 3113 qua
920 3035 1017 3112 gente
1040 3028 1219 3093 Fresonum
1242 3049 1343 3112 usque
1366 3027 1463 3092 hodie
1493 3049 1552 3114 per
1585 3028 1652 3092 eius
1676 3027 1792 3091 merita
1814 3027 1982 3090 innumera
2005 3047 2061 3089 co-

560 3129 638 3194 tidie
663 3131 791 3196 diabolo
814 3133 893 3196 fiunt
917 3132 1112 3196 detrimenta
1135 3139 1168 3197 et
1191 3131 1393 3196 Christianae
1417 3131 1493 3197 fidei
1514 3132 1595 3196 fiunt
1617 3119 1802 3217 augmenta.

509 3255 534 3299 e.
553 3239 614 3299 593
633 3242 707 3316 post
735 3236 929 3301 recondidit:
961 3235 1130 3302 Romanae
1158 3236 1315 3301 ecelesiae
1344 3243 1418 3322 post
1449 3235 1642 3320 Gregorium
1671 3237 1750 3299 item
1779 3235 1860 3299 51455
1883 3232 2063 3318 Gregorius

562 3340 715 3404 successit
736 3341 768 3404 in
792 3341 991 3426 episcopatu.

405 3441 557 3528 Sequitur
578 3451 653 3529 post
668 3445 936 3531 subscriptionem
960 3444 1019 3508 sub
1043 3445 1152 3508 titulo:
1174 3445 1228 3507 cai
1249 3465 1307 3508 nas
1328 3444 1378 3506 415
1400 3445 1464 3507 ista
1479 3443 1653 3508 subicimus
1673 3443 1870 3507 continuatio
1886 3441 2061 3527 incipiens:

404 3545 566 3626 Pippinas
594 3547 662 3611 dna
688 3547 899 3614 Francorum.
953 3548 1103 3612 chronica
1134 3548 1239 3612 altera
1268 3549 1299 3611 45
1327 3548 1443 3612 eodem
1471 3547 1633 3612 volumine
1665 3568 1695 3610 n.
1713 3551 1793 3610 6451
1827 3566 1869 3611 ex
1892 3546 1940 3609 his
1964 3543 2062 3610 ducta

405 3650 554 3715 videntur
577 3672 664 3722 csse:
682 3653 914 3717 continuantur
936 3659 1045 3716 autem
1069 3651 1204 3715 Bedana
1233 3652 1265 3714 in
1297 3652 1345 3715 his
1373 3653 1432 3716 ita:
1457 3650 1601 3715 Karalus
1622 3671 1757 3732 magnas
1778 3650 1980 3714 Francorum
2002 3671 2061 3714 555

403 3774 488 3820 anno
504 3755 625 3818 donini
640 3753 786 3821 DCCOI
796 3778 868 3820 carn
882 3778 904 3820 5
919 3756 1089 3837 tyrannide
1104 3754 1266 3818 11551515νὶ4
1281 3756 1363 3836 repis
1380 3755 1658 3837 Lanpobardorarn
1673 3753 1806 3818 [1514555
1821 3753 1981 3818 liberasset
1996 3761 2060 3819 oct.

506 3857 1220 3940 Β555511555455.9766-972555551411,
1249 3866 1347 3923 antea
1375 3866 1552 3925 conventus
1580 3860 1682 3924 sancti
1711 3858 1879 3923 Laurentii
1908 3857 1950 3922 ad
1973 3858 2060 3922 Leo·

404 3961 502 4044 diurn,
526 3963 675 4028 chronica
697 3965 820 4028 maiora
841 3963 954 4028 Bedae
978 3963 1122 4044 exhibet,
1146 3963 1231 4027 unde
1255 3963 1412 4049 adscripsi
1435 3963 1657 4028 additamenta
1682 3963 1857 4048 quaedam:

507 4066 552 4128 ad
574 4087 602 4131 5.
619 4069 680 4132 586
701 4071 772 4145 5551
794 4068 967 4132 convertit:
992 4065 1080 4152 apud
1095 4065 1292 4130 Francorum
1308 4089 1384 4131 5555
1408 4089 1542 4152 regnum
1567 4073 1643 4132 tanc
1665 4067 1818 4153 temporis
1835 4066 1977 4150 Papinus
2000 4065 2060 4130 ob-

559 4169 683 4233 tinebat
709 4171 932 4257 principatum.
979 4171 1158 4235 Samnitum
1185 4173 1305 4257 populo
1335 4173 1401 4236 dux
1430 4179 1582 4258 praeerat
1609 4171 1809 4237 Romualdus
1832 4171 1915 4236 111455
1944 4170 2060 4236 6455114

559 4274 732 4357 5555545545
754 4274 853 4338 ducis.
900 4275 983 4339 eirea
1006 4274 1088 4339 hacc
1111 4281 1258 4360 tempora
1281 4276 1445 4342 aedificari
1468 4285 1619 4362 coeptum
1645 4284 1696 4340 est
1717 4276 1946 4340 monasterium
1970 4274 2060 4338 beati

558 4377 720 4442 Vincentii
744 4379 891 4459 martiris,
915 4377 1002 4463 quod
1024 4379 1115 4443 iuxta
1131 4378 1280 4443 Vulturni
1303 4381 1441 4445 fluminis
1458 4382 1582 4446 fontem
1603 4383 1698 4446 situm
1716 4387 1774 4462 est,
1791 4379 1927 4444 atribus
1942 4378 2059 4443 nobili-

559 4481 619 4546 bus
642 4480 804 4562 Iratribus,
826 4481 888 4546 hoc
911 4489 961 4546 est
983 4481 1096 4564 Paldo‚
1120 4480 1206 4546 Taso
1230 4489 1263 4547 et
1286 4484 1388 4568 Apro.

503 4591 578 4666 post
601 4607 627 4650 5.
645 4589 701 4649 591
730 4583 799 4649 Leo
828 4606 899 4650 ann.
915 4585 1012 4650 VIII:
1044 4586 1170 4672 Pepino
1198 4587 1264 4650 5415
1293 4594 1446 4673 exempto
1475 4589 1558 4653 filius
1587 4587 1699 4670 (lilium
1722 4587 1804 4672 cad.)
1832 4589 1900 4653 eius
1924 4587 2060 4653 Carolus

559 4690 691 4775 suscipit
713 4691 936 4776 principatum.
975 4689 1025 4754 his
1044 4690 1244 4775 temporibus
1266 4689 1435 4754 Sarraceni
1452 4712 1495 4755 ex
1511 4691 1634 4755 Affrica
1650 4692 1894 4756 transfretantes
1909 4693 2060 4757 universa

558 4793 734 4879 Hispanica
768 4795 964 4857 invaserunt.
1023 4790 1140 4857 deinde
1175 4799 1249 4878 post
1283 4792 1396 4858 decem
1430 4816 1530 4858 annos
1563 4816 1636 4859 eum
1669 4796 1824 4860 uxoribus
1854 4803 1887 4860 et
1918 4797 2060 4882 55555145

560 4897 727 4961 555455155
745 4897 953 4981 Aquitaniam
969 4896 1096 4960 Calliae
1111 4897 1275 4982 provincie
1293 4903 1458 4982 tamquam
1474 4898 1650 4963 habitaturi
1673 4900 1810 4984 ingressi
1827 4907 1910 4964 5551.
1946 4905 2059 4964 contra

559 5021 639 5084 quos
662 4999 749 5064 idem
773 5001 938 5087 praelatus
963 4999 1098 5064 Carolus
1124 5021 1197 5064 eum
1219 5000 1416 5065 Francorum
1440 5002 1585 5066 exercitu
1610 5009 1643 5066 et
1667 5024 1738 5067 cum
1761 5002 1930 5068 Budarem
1953 5002 2058 5088 Aqui·

559 5105 666 5169 155455
701 5106 844 5191 55455455
878 5108 1011 5168 veniens
1040 5091 1123 5168 CCC
1153 5103 1404 5168 Sarracenorum
1436 5105 1631 5169 interimunt.
1689 5127 1732 5171 ex
1759 5108 1955 5173 Francorum
1979 5129 2058 5172 5555

558 5214 650 5293 55515
675 5208 709 5272 M
732 5216 766 5272 51
787 5208 818 5272 D
843 5208 1064 5273 tantummodo
1088 5210 1134 5273 ibi
1156 5208 1352 5273 occiderunt.

504 5315 703 5390 55515593
727 5312 920 5376 recondidit:
950 5325 1013 5376 ann
1036 5313 1077 5377 ab
1101 5313 1319 5378 incarnatione
1344 5312 1463 5378 domini
1490 5314 1591 5378 nostri
1615 5313 1690 5378 Iesu
1714 5313 1832 5379 Christi
1854 5315 2060 5380 DCCXXVI

559 5416 724 5500 perierunt
756 5417 934 5501 (petierunt
956 5415 1036 5499 cod.)
1066 5438 1109 5480 ex
1135 5418 1336 5503 praescripta
1362 5418 1548 5503 pestilentia
1577 5418 1610 5481 in
1633 5417 1944 5505 Constantinopolim
1976 5417 2059 5483 infra

559 5507 642 5584 CCC
669 5520 842 5585 hominum.
889 5527 963 5604 post
992 5519 1073 5583 haec
1101 5519 1171 5585 Leo
1205 5521 1381 5607 imperator
1414 5521 1500 5608 apud
1532 5520 1846 5608 Constantinopolim
1874 5531 2058 5589 sanctorum

559 5623 717 5708 imagines
741 5622 905 5708 deposItas
925 5622 1067 5688 incendit
1081 5623 1296 5710 Romanoque
1319 5625 1462 5711 pontifici
1486 5625 1602 5690 similia
1625 5626 1732 5691 facere
1755 5627 1855 5710 iubet,
1878 5628 1905 5691 si
1925 5626 2057 5712 irnperi-
