4634 6286
828 315 905 373 cvii
924 315 1202 373 ecolismensis
1220 317 1361 373 NENNII.
1856 325 1916 387 149

379 489 604 556 HISTORIA
625 490 918 558 BRITTONVM.
1209 491 1423 556 NENNIVS
1445 491 1846 558 INTERPRETATVS.

211 627 245 682 10
328 610 362 675 si
397 612 467 697 quis
501 612 582 676 scire
610 613 762 695 voluerit,
794 633 856 698 quo
889 619 1037 699 tempore

262 722 336 801 post
363 714 519 780 diluvium
551 717 699 782 habitata
729 721 779 781 est
806 715 889 780 baec
921 716 1036 798 insula,

262 819 324 884 hoo
346 820 605 907 experimentum
627 820 743 885 bifarie
766 820 883 884 inveni.

1206 924 1287 989 Post
1304 921 1457 988 diluvium
1473 923 1559 988 orbis
1581 923 1687 988 afiliis
1706 923 1738 988 N
1740 944 1780 989 oe
1802 926 1835 991 in
1849 931 1916 991 tres
1925 939 1955 991 cs·
1964 953 1987 992 r·
1995 941 2079 988 nan·

1142 1035 1252 1114 partes
1285 1026 1405 1092 dimsus
1432 1032 1497 1109 est,
1532 1026 1567 1091 id
1600 1033 1650 1091 est
1682 1026 1847 1117 Europam
1882 1037 1917 1095 et

1141 1130 1287 1196 Africam
1318 1135 1351 1195 et
1378 1128 1506 1194 Asiam:
1539 1128 1616 1196 Sem
1638 1131 1671 1196 in
1694 1131 1789 1215 Asia,
1814 1132 1916 1198 Oham

1142 1237 1175 1299 in
1208 1234 1336 1316 Africa,
1372 1234 1492 1320 Iaphet
1528 1234 1561 1299 in
1594 1233 1735 1322 Europa.
1796 1237 1916 1323 primus

1104 1359 1116 1398 s
1143 1339 1241 1403 homo
1256 1339 1346 1404 venit
1361 1337 1404 1403 ad
1418 1337 1583 1424 Europam
1605 1338 1646 1403 de
1662 1359 1784 1424 genere
1800 1339 1918 1426 Iaphet

1143 1441 1268 1507 Alanus
1291 1462 1364 1506 cum
1387 1441 1488 1506 tribus
1516 1442 1590 1506 filiis
1613 1442 1694 1524 suis,
1717 1442 1751 1507 id
1774 1449 1824 1508 est
1844 1445 1915 1509 Isa-

1145 1567 1214 1630 con,
1237 1545 1405 1611 Armenon
1434 1552 1468 1610 et
1489 1545 1615 1631 Negua.
1661 1545 1776 1610 Isaoon
1803 1545 1917 1612 habuit

1144 1650 1228 1714 lilios
1251 1655 1417 1735 quattuor:
1441 1648 1612 1733 Francum,
1635 1649 1828 1732 Romanum,
1844 1649 1916 1715 Bri-

1144 1759 1229 1834 tum,
1253 1752 1426 1816 Albanum.
1473 1753 1640 1818 Armenon
1668 1760 1776 1819 aulem
1805 1753 1919 1819 habuit

1094 1877 1119 1916 ιο
1148 1857 1289 1942 quinque
1311 1856 1408 1920 filios:
1434 1854 1564 1940 Gutum,
1588 1857 1786 1943 Uilegotum,
1810 1857 1917 1924 cha-

1145 1966 1223 2043 tum,
1239 1958 1460 2044 Burgandum,
1476 1959 1737 2046 Longobardum.
1766 1968 1831 2025 tres
1847 1961 1917 2025 fue-

1145 2069 1220 2128 runt
1242 2063 1298 2128 filii
1320 2062 1475 2149 Neguae:
1499 2062 1683 2146 Uandalus,
1708 2063 1806 2147 Saxo,
1829 2065 1917 2129 Boa-

1146 2188 1210 2232 rus.
1265 2187 1285 2230 a
1320 2164 1450 2232 Saxone
1482 2167 1547 2231 filio
1578 2165 1715 2253 Neguae
1752 2169 1812 2232 orti
1845 2174 1920 2232 sunt

1147 2271 1304 2336 Saxones.
1349 2270 1457 2335 Britus
1480 2277 1606 2352 autem,
1630 2292 1649 2334 a
1673 2292 1735 2358 quc
1758 2271 2084 2357 Britones,.s.„100‚14‚

1095 2395 1119 2433 u
1145 2376 1216 2460 ipse
1238 2374 1322 2439 iilius
1337 2373 1480 2456 Isiocnis,
1503 2374 1560 2438 filii
1575 2373 1681 2458 Alani,
1705 2375 1761 2439 filii
1775 2375 1919 2458 Ilethuir,

1144 2477 1202 2542 filii
1225 2476 1393 2563 Ogaman,
1427 2477 1485 2542 filii
1515 2478 1590 2560 Tai,
1626 2478 1681 2542 filii
1708 2477 1830 2561 Boidb‚
1864 2479 1921 2543 filii

1147 2580 1290 2664 Semoib,
1307 2581 1363 2646 filii
1376 2579 1531 2663 Athacht,
1553 2581 1608 2646 filii
1619 2580 1718 2663 Aoth,
1736 2582 1792 2646 filii
1809 2583 1920 2663 Abair,

1145 2685 1203 2750 filii
1217 2683 1300 2767 Roa,
1323 2683 1380 2748 filii
1394 2683 1490 2766 Asra,
1512 2685 1570 2749 filii
1583 2684 1714 2766 lobath,
1736 2686 1793 2750 filii
1813 2687 1921 2768 Ioran,

1145 2788 1202 2852 lilii
1224 2786 1352 2874 Iaphet,
1376 2787 1433 2852 filii
1448 2785 1531 2853 Noe.
1577 2788 1641 2853 hcc
1663 2787 1761 2852 modo
1785 2787 1923 2852 traditur

1094 2913 1120 2953 ao
1144 2893 1178 2956 in
1200 2891 1365 2955 veteribus
1387 2891 1529 2957 historiis
1552 2891 1730 2956 Britonum.

332 2997 371 3061 ln
402 2996 571 3061 annalibus
606 3001 715 3060 autem
744 2996 966 3062 Romanorum
999 2997 1044 3062 sic
1213 2995 1252 3059 In
1274 2994 1443 3059 annalibus
1472 3000 1580 3060 aciem
1603 2993 1825 3060 Romanorum
1848 3017 1922 3061 nar·

229 3128 240 3168 n
268 3102 422 3186 scriptum
436 3098 529 3185 est¹).
552 3098 684 3164 Acneas
697 3107 772 3187 posi
784 3101 957 3166 Troianum
972 3102 1043 3166 bel·
1148 3103 1251 3163 ratur:
1282 3097 1415 3163 Aeneas
1443 3100 1526 3163 filius
1549 3099 1711 3164 Anchisae
1740 3104 1813 3186 post
1845 3121 1922 3186 cap-

268 3206 335 3269 lum
354 3226 425 3270 cum
442 3205 583 3268 Ascanio
599 3205 663 3268 filio
680 3226 738 3268 suo
754 3206 843 3269 venit
858 3205 900 3269 ad
917 3206 1044 3269 ltaliam
1150 3208 1216 3265 tam
1240 3201 1370 3266 Troiam
1399 3201 1441 3266 ad
1464 3201 1590 3272 Italiam
1618 3203 1707 3266 venit
1736 3209 1769 3266 et
1798 3204 1925 3288 accepit

372 3378 634 3441 C'DOHKLMNPQ
650 3387 673 3430 et
691 3378 790 3429 codices
808 3380 880 3430 1-3.
898 3381 983 3429 6—10
1000 3377 1064 3442 (nou
1082 3376 1157 3428 habet
1168 3375 1205 3441 Z)

369 3500 444 3551 sliu:
461 3497 479 3550 2
497 3499 561 3551 llaec
585 3463 680 3564 insula)
703 3506 762 3549 ana
781 3498 839 3550 hab.
858 3505 898 3549 est
911 3497 943 3562 G,
962 3515 1011 3550 om.
1026 3496 1157 3560 0¹D11’Q
1174 3499 1198 3548 3.
1219 3500 1242 3548 d.
1261 3500 1285 3548 8.
1305 3501 1338 3548 10
1458 3493 1475 3546 3
1493 3497 1610 3547 bisarium
1629 3501 1651 3547 6.
1673 3502 1693 3547 7.
1716 3501 1756 3564 10,
1780 3497 1872 3548 bifaria
1885 3493 1923 3546 D¹

266 3582 388 3636 dautem
407 3581 582 3652 romanorum]
601 3586 788 3637 hebreorumil
850 3586 887 3635 sic
904 3602 953 3637 om.
967 3583 1028 3635 MN
1128 3579 1267 3649 baerroas]
1285 3601 1308 3634 a.
1327 3585 1407 3649 igitur
1420 3583 1481 3633 MN
1546 3584 1684 3651 scriptus]
1753 3585 1881 3635 traianum
1894 3581 1927 3632 Μ

265 3669 403 3741 descanio
421 3670 527 3737 (nesano
540 3669 612 3738 MN)
630 3673 648 3723 i.
666 3667 724 3738 suo]
747 3687 769 3722 a.
795 3671 821 3722 id
839 3679 879 3722 est
901 3671 954 3723 iulo
981 3671 1054 3736 (iulio
1075 3675 1095 3723 7.
1114 3671 1155 3734 10)
1179 3674 1202 3722 6.
1223 3675 1243 3721 7.
1266 3673 1305 3734 10,
1324 3687 1349 3722 a.
1373 3671 1391 3721 i.
1410 3687 1430 3723 s.
1450 3670 1475 3720 id
1493 3675 1532 3721 est
1549 3670 1640 3722 iulo&
1715 3671 1748 3722 ad
1767 3672 1794 3722 it.
1813 3671 1885 3723 uenit
1903 3675 1924 3732 1,

267 3758 339 3810 uenit
357 3759 383 3810 in
402 3759 468 3810 ite

373 3878 394 3942 ¹)
412 3878 579 3944 interponunt
604 3876 652 3928 hoc
678 3877 734 3927 loco
759 3893 825 3942 qima
851 3885 991 3942 emmunim
1007 3876 1092 3927 ΜΝΖ
1114 3876 1150 3942 (et
1173 3877 1216 3944 8):
1244 3877 1287 3944 (de
1308 3879 1444 3946 genalogia
1466 3879 1597 3930 britonum
1622 3880 1654 3931 de
1677 3880 1776 3947 origine
1794 3878 1925 3930 britonum

265 3965 424 4032 prumam:
445 3966 484 4016 De
506 3965 627 4015 Romanis
649 3980 710 4014 vero
734 3967 793 4024 (om
806 3963 842 4028 Z)
866 3971 893 4014 et
916 3965 1021 4016 Gnecis
1042 3965 1151 4016 trahunt
1172 3965 1377 4031 ethimologiam,
1403 3967 1429 4016 id
1452 3973 1490 4017 est
1514 3966 1545 4016 de
1568 3973 1652 4016 matre
1675 3968 1774 4017 Lauina
1792 3963 1890 4030 (labina
1904 3963 1929 4012 Z

267 4052 377 4118 reaper)
396 4052 450 4103 fllia
467 4050 553 4102 Latini
574 4050 643 4118 regis
666 4049 755 4100 ltaliae
779 4056 805 4100 et
827 4058 899 4116 patre
919 4047 1052 4118 (progenie
1063 4050 1137 4116 MN)
1163 4052 1227 4102 Silvi
1245 4053 1348 4104 Aeneae
1367 4052 1512 4116 (siluianinc
1527 4051 1563 4116 Ζ,
1587 4052 1680 4102 siluani
1695 4048 1766 4116 MN)
1785 4050 1831 4101 iilii
1850 4049 1925 4100 lnabi

267 4137 370 4206 (enachi
382 4135 417 4206 Z)
436 4138 482 4188 lilii
499 4137 624 4188 Dardani.
659 4137 726 4188 idern
744 4127 776 4202 (ii
789 4135 828 4202 Z)
841 4137 979 4188 Dardanus
1001 4137 1070 4188 iilius
1089 4138 1194 4189 Benarni
1218 4139 1286 4204 rogis
1304 4136 1361 4202 (rex
1373 4138 1408 4200 Z)
1433 4140 1573 4189 Grecorum
1597 4136 1744 4204 (gothorum
1757 4137 1795 4202 Ζ)
1814 4137 1927 4204 perrexit
1971 4181 1987 4204 ,

267 4226 299 4277 ad
318 4233 414 4294 partem
432 4224 511 4275 Asiae
530 4229 556 4274 et
576 4225 661 4275 Trous
682 4223 751 4274 iilius
769 4223 885 4275 Dardani
904 4223 945 4288 (tr.
959 4225 976 4273 i.
990 4222 1058 4288 ΜΖ,
1077 4223 1121 4274 ille
1130 4224 1168 4288 Μ,
1186 4225 1239 4275 illic
1252 4222 1294 4291 N)
1312 4225 1458 4276 aedificavit
1475 4224 1565 4274 urbem
1583 4225 1660 4275 Trois
1679 4223 1753 4288 (troie
1763 4223 1813 4288 N).
1850 4223 1925 4289 (Dar-

267 4313 352 4364 danus
370 4318 443 4378 pater
460 4310 522 4360 Troi
538 4309 587 4359 ins.
599 4308 681 4374 MN).
717 4311 800 4361 'l'rous
819 4309 912 4374 (troius
924 4309 998 4375 ΜΝ)
1017 4317 1088 4378 pater
1106 4310 1203 4362 Priami
1221 4317 1246 4361 et
1264 4311 1402 4374 Anchisae,
1421 4310 1546 4362 Anchises
1563 4316 1637 4377 pater
1654 4311 1741 4362 Eueae
1760 4311 1867 4374 (anenee
1880 4310 1925 4374 Ζ),

268 4400 353 4450 Encas
371 4404 442 4464 pater
454 4396 551 4446 sumni
564 4392 661 4458 (asiani
673 4394 711 4460 Ζ)
730 4403 756 4447 et
767 4397 841 4447 Siluii
854 4395 944 4460 (silluii
958 4397 1003 4458 Z).
1033 4397 1130 4448 Silvius
1142 4396 1211 4447 iilius
1223 4398 1325 4448 Aeneas
1338 4403 1364 4448 et
1375 4397 1488 4448 Lavinae
1507 4397 1576 4448 tiliae
1594 4397 1679 4447 Latini
1693 4397 1753 4460 (om.
1766 4395 1839 4464 ΜΝ)
1858 4396 1926 4462 regis

267 4484 367 4538 ltaliae.
407 4491 434 4534 st
458 4485 489 4534 de
510 4483 590 4550 stirpe
615 4482 704 4549 (stripe
719 4479 753 4548 Z)
772 4483 846 4534 Siluii
870 4483 1004 4550 (silluiiZ,
1028 4500 1076 4534 om
1091 4482 1166 4549 ΜΝ)
1188 4483 1235 4533 tilii
1258 4484 1361 4535 Aeneae
1384 4492 1411 4535 et
1432 4484 1547 4535 Larinas
1572 4482 1615 4545 (ex
1633 4484 1722 4534 labina
1735 4484 1773 4548 Z)
1798 4484 1847 4536 orti
1865 4489 1926 4534 suut

268 4572 364 4622 Remus
390 4576 416 4620 at
443 4569 568 4620 Romulus
590 4577 617 4620 et
639 4571 735 4620 Brutus
763 4569 799 4632 (et
825 4570 864 4621 br.
889 4587 937 4622 om.
951 4570 1033 4636 MN),
1060 4577 1111 4622 tres
1129 4567 1191 4634 (duo
1203 4567 1277 4632 MN)
1296 4566 1349 4634 (filii
1373 4571 1479 4637 reginae
1504 4569 1707 4621 sanctimonialis
1724 4571 1794 4622 Reae
1821 4568 1926 4632 (macti-

269 4657 386 4708 monialis
404 4647 504 4722 prolfmi
527 4671 587 4707 reae
600 4655 635 4722 Ζ,
658 4672 715 4708 reae
737 4671 868 4722 auprarrr.
893 4657 919 4708 id
942 4665 982 4709 est
1005 4657 1066 4708 iliae
1079 4656 1122 4723 Μ,
1146 4657 1190 4708 ilis
1212 4671 1272 4708 reae
1285 4655 1340 4722 N),
1362 4657 1407 4722 qui
1430 4658 1546 4707 iecerunt
1568 4657 1683 4708 Romam.
1722 4658 1818 4707 Bruma
1836 4655 1926 4706 consul

268 4745 318 4795 luit
335 4744 363 4796 in
375 4743 455 4793 Roma
472 4743 636 4809 epiromuuus
649 4743 695 4804 (aie
707 4741 800 4802 ΜΝΖ;
819 4744 854 4809 cs.
868 4759 896 4807 p.
910 4748 959 4795 145
976 4746 1055 4795 cohil
1072 4761 1094 4795 o.
1107 4743 1200 4809 17)18),
1218 4742 1323 4808 quando
1341 4743 1503 4810 expugnavit
1519 4742 1672 4808 Hispaniam
1690 4758 1721 4794 aa
1739 4742 1850 4794 detraxit
1868 4758 1926 4792 eam
1971 4767 1972 4772 =

269 4828 329 4896 (orn.
340 4829 375 4892 Z)
394 4829 421 4879 in
440 4829 590 4880 servitutem
608 4831 687 4879 Rome
707 4824 751 4894 [cs.
771 4826 946 4896 Hieronymus
965 4829 1028 4881 Aur.
1048 4828 1116 4882 1875
1134 4830 1179 4881 nab
1197 4830 1303 4880 rubrica
1321 4830 1494 4880 Romanorum
1512 4829 1660 4880 consulum:
1679 4829 1775 4880 Brutus
1792 4828 1927 4880 Hiberiam

268 4931 352 4980 usque
369 4915 403 4966 ad
420 4929 546 4966 oceanum
563 4911 679 4980 subigit.)
715 4922 742 4965 et
762 4922 852 4981 postea
877 4916 961 4967 tenuit
983 4917 1145 4983 Bryttauiam
1171 4915 1296 4979 insulam,
1318 4931 1396 4980 quam
1422 4914 1573 4966 babitabant
1591 4914 1721 4979 (habitant
1734 4914 1768 4978 Ζ)
1790 4917 1927 4980 Bryttonos

269 5000 394 5068 (britones
407 4998 450 5067 Ζ),
473 5002 647 5052 Romanorum
664 4997 723 5066 (om.
737 5001 772 5066 Z)
792 5001 839 5052 filii
857 4999 937 5068 (iilius
954 5003 992 5053 illi
1005 5000 1042 5070 Ζ)
1062 5003 1123 5052 olim
1141 5000 1196 5068 (olli
1210 5001 1245 5060 Ζ)
1265 5002 1346 5053 Siluio
1361 5002 1501 5053 Posthumo
1518 5002 1568 5052 orti
1580 4998 1639 5068 (cm.
1649 5001 1697 5068 Z)
1733 5003 1790 5054 ideo
1803 4998 1856 5068 (ido
1866 4999 1900 5050 Μ
1903 5001 1926 5064 ⁸)

269 5088 363 5140 dicitur
380 5087 547 5153 Posthumua,
564 5087 627 5154 quia
644 5083 700 5152 (qui
710 5086 745 5150 Ζ)
767 5095 826 5154 post
847 5095 954 5140 mortem
977 5090 1080 5141 Aeneae
1103 5089 1183 5156 patris
1201 5089 1257 5140 eius
1276 5095 1353 5139 nahra
1371 5095 1417 5140 eat.
1453 5095 1479 5139 et
1495 5089 1546 5140 fuit
1563 5095 1644 5140 mater
1660 5089 1717 5140 eius
1733 5089 1833 5140 Lerina
1850 5103 1927 5153 super

269 5175 431 5227 clandestina
447 5173 551 5241 quando
568 5189 697 5240 pregnans
715 5181 772 5224 erat
789 5171 902 5239 (quando
921 5175 971 5226 init
988 5191 1027 5241 pr.
1045 5182 1072 5226 et
1084 5174 1128 5239 Z).
1164 5176 1220 5226 ideo
1238 5176 1335 5227 Silvius
1353 5176 1437 5226 dietus
1461 5183 1507 5240 est,
1530 5177 1591 5242 quia
1612 5177 1639 5226 in
1657 5176 1723 5227 silva
1741 5183 1816 5227 natus
1834 5182 1874 5227 est
1891 5177 1928 5238 (et

269 5262 318 5313 iria
327 5261 374 5326 Z),
393 5261 450 5313 ideo
462 5261 542 5312 Silrei
554 5260 601 5327 (sic
611 5260 641 5322 Z,
659 5260 773 5311 silnatici
785 5259 829 5326 Μ,
853 5261 975 5312 adnadci
989 5261 1032 5328 N)
1056 5262 1117 5314 dicti
1141 5270 1202 5314 sunt
1224 5263 1334 5314 Romani
1357 5278 1431 5330 reges
1448 5261 1513 5330 (reg.
1532 5279 1595 5314 rom.
1606 5260 1657 5326 Ζ),
1675 5269 1702 5314 et
1718 5264 1864 5329 Bryttoncs,
1881 5261 1927 5327 qui

270 5344 344 5414 (quia
353 5346 389 5412 Ζ)
404 5341 440 5399 'de
457 5364 487 5399 ec
505 5348 560 5398 nati
577 5354 646 5398 sunt.
683 5347 727 5398 sed
746 5363 762 5398 a
780 5347 860 5398 Bruto
872 5348 1009 5414 Bryttones
1023 5347 1148 5412 (britones
1160 5348 1197 5414 Ζ)
1209 5357 1235 5401 et
1251 5351 1283 5401 ds
1296 5351 1370 5401 Bruti
1382 5350 1461 5417 stirpe
1474 5348 1564 5418 (stripe
1576 5349 1646 5401 bruti
1656 5347 1694 5413 Ζ)
1706 5355 1879 5401 surrexerunt
1894 5375 1926 5382 -

270 5431 457 5485 Additamento
473 5433 576 5485 Nemeo
597 5433 714 5485 immmr
735 5432 833 5486 codices
855 5433 961 5498 quidam
978 5434 1129 5500 deteriores,
1144 5443 1174 5486 ut
1192 5434 1410 5503 Oontadriqienris
1432 5435 1496 5487 Mm.
1516 5439 1541 5488 5.
1559 5439 1592 5487 29
1614 5435 1643 5486 id
1659 5435 1742 5501 iprum
1760 5435 1828 5501 qrwd
1845 5451 1928 5502 mpra

269 5521 412 5572 rettulimus
435 5520 472 5570 ud
490 5537 519 5586 p.
536 5524 586 5571 147
605 5527 684 5572 noti
703 5520 871 5587 praeradians
893 5522 1017 5588 scriptum
1041 5527 1080 5574 est
1103 5523 1135 5575 ab
1160 5523 1323 5585 auctoribus;
1344 5524 1403 5574 item
1424 5522 1502 5573 aliud
1522 5521 1715 5588 Rotomageusir
1737 5523 1873 5588 incipieus:
1889 5523 1928 5573 uic

271 5606 404 5658 ordinatur
420 5605 573 5674 genealogia
591 5608 677 5660 Encas
699 5615 726 5659 et
743 5607 839 5660 Priami
857 5608 902 5673 qni
920 5616 1085 5676 expugnatur
1102 5609 1129 5661 in
1147 5610 1233 5676 Troia,
1246 5609 1344 5678 finiens
1361 5609 1407 5660 tilii
1426 5609 1543 5675 Saturni,
1561 5609 1608 5661 tilii
1627 5607 1714 5674 coelii,
1733 5608 1802 5674 quood
1818 5609 1846 5658 iu
1863 5608 1925 5659 adn.

271 5692 308 5744 ad
325 5691 350 5743 h.
369 5691 387 5744 l.
405 5692 485 5745 edida
501 5693 593 5746 Petris.
