4598 6300
385 324 443 388 198
726 321 899 378 HISTORIA
918 323 1138 380 BRITTONVM
1156 323 1232 380 CVM
1252 324 1526 381 ADDITAMEN'I'IS
1546 325 1689 383 NENNII.

496 493 719 561 HISTORIA
742 495 1038 564 BRITTONVM.

380 617 413 680 in
435 622 603 682 senectute
626 617 713 682 bons
728 619 888 704 migravit,
913 620 968 686 ubi
983 642 1068 686 nuno
1086 623 1155 686 lae-

382 726 468 785 tatur
488 721 521 784 in
544 721 674 785 saecula
697 723 908 792 saeculorum.
953 745 1059 789 amen.

229 827 231 830 ’
329 829 364 883 55
448 823 608 899 Quattuor
636 825 740 891 modis
763 833 943 913 aequantur
966 827 1097 914 Moyses
1121 834 1155 892 et

381 927 555 992 Patricius:
589 927 624 992 id
657 935 707 994 eet
736 931 852 1016 angelo
886 933 1092 1018 colloquente
1123 933 1156 996 in

342 1032 461 1096 erube
501 1032 612 1117 igneo:
660 1032 800 1099 secundo
839 1033 935 1100 modo
976 1036 1009 1100 in
1045 1043 1156 1102 monte

381 1133 596 1221 quadraginta
618 1135 734 1202 diebus
758 1144 792 1202 et
814 1137 1029 1224 quadraginta
1050 1141 1154 1204 nocti-

380 1239 441 1303 bus
463 1239 633 1304 ieiunavit:
657 1241 754 1306 tertio
777 1241 875 1307 modo
890 1243 1011 1308 similes
1026 1243 1157 1308 fuerumt

381 1349 490 1408 aetate
514 1341 607 1408 CXX
638 1345 745 1409 annis:
776 1351 890 1431 quarto
919 1345 1017 1411 modo
1046 1349 1156 1433 sepul-

382 1440 492 1511 chrum
523 1447 608 1512 illiue
643 1468 738 1513 nemo
772 1449 847 1532 ecit,
880 1447 938 1513 sed
967 1450 1000 1514 in
1030 1453 1156 1516 occulto

330 1571 354 1610 ro
381 1549 531 1614 humatirs
560 1556 610 1614 eet
641 1551 770 1616 nemine
794 1553 926 1618 sciente.
973 1553 1156 1639 quindecim

381 1653 471 1717 annis
499 1653 532 1718 in
562 1655 769 1740 captivitate,
799 1655 832 1719 in
860 1656 1014 1721 vicesimo
1045 1658 1156 1743 quinto

381 1776 464 1821 anno
494 1757 535 1821 ab
564 1756 727 1824 Ametheo
757 1765 868 1824 sancto
897 1760 1051 1846 episcopo
1078 1761 1154 1826 sub·
1260 1795 1265 1800 ·

380 1865 528 1946 rogatur,
564 1863 728 1947 octoginta
763 1869 797 1928 et
830 1863 971 1949 quinque
1004 1865 1096 1930 annis
1123 1865 1157 1930 in

379 1963 539 2030 Hibernia
560 1965 761 2051 praedicavit
770 1967 805 2051 ¹).
840 1986 892 2032 res
913 1973 1023 2032 autem
1039 1969 1156 2054 exige-

331 2091 354 2130 ιι
380 2068 439 2132 bat
461 2069 598 2155 amplius
620 2070 709 2156 loqui
732 2070 773 2135 de
795 2077 905 2136 sancto
920 2071 1072 2155 Patricio,
1097 2071 1156 2137 sed

379 2177 490 2238 tamen
534 2194 593 2259 pro
638 2173 829 2260 compendio
871 2177 1028 2242 sermonis
1067 2177 1154 2242 solui

378 2276 539 2341 breviare.
1194 2287 1197 2294 “

484 2500 720 2564 ODGHKLMPQ

483 2621 558 2673 Sili:
585 2619 697 2674 damen
719 2639 768 2674 om.
782 2621 809 2674 P
897 2621 914 2676 3
935 2624 1155 2691 coaequanturM
1240 2623 1301 2677 tiu
1319 2623 1369 2693 eet]
1387 2643 1440 2679 uuo
1458 2627 1533 2679 modo
1547 2626 1582 2677 Μ
1640 2623 1743 2694 angelo]
1761 2643 1784 2679 a
1803 2625 2037 2694 ereremum),

379 2724 404 2760 a.
422 2707 460 2759 illi
473 2707 508 2758 M
606 2707 767 2762 hrubsoH
830 2710 944 2763 secundo
972 2709 1056 2778 modo]
1082 2711 1372 2776 murtuensem,
1394 2713 1446 2765 alio
1464 2713 1539 2765 modo
1556 2712 1589 2764 M
1697 2710 1758 2765 6et
1775 2711 1958 2782 quadraginta]
1977 2731 2037 2769 oum

378 2792 464 2857 DGP,
487 2810 546 2846 oum
564 2794 708 2858 totidemQ
820 2793 1037 2848 lieiunandoM
1111 2799 1186 2850 modo
1204 2797 1411 2863 muccoso
1479 2797 1584 2866 similes]
1603 2800 1671 2865 quod
1690 2796 1821 2866 (qqu⁸)
1839 2800 1945 2867 sinuli,
1963 2798 2040 2852 disP

378 2881 540 2934 Sannorum
549 2880 605 2945 ΜΟ
686 2883 761 2934 modo
781 2900 830 2936 cm.
850 2882 997 2947 ODGLPQ
1118 2883 1161 2950 8l9
1180 2883 1355 2954 sepulchrum]
1374 2885 1443 2952 quod
1460 2901 1481 2938 s.
1494 2885 1528 2936 Μ
1637 2882 1751 2952 tunm]
1778 2887 1835 2938 eius
1848 2885 1914 2951 Do,
1941 2903 1991 2940 om.
2009 2887 2039 2938 K

413 2983 488 3020 nemo
506 2966 562 3035 scit]
581 2985 634 3020 non
650 2968 784 3021 inuenitur
795 2967 941 3033 ODGLPQ
1045 2967 1080 3022 10
1096 2979 1136 3023 est
1152 2970 1258 3035 hqu
1361 2969 1436 3036 10111
1455 2988 1492 3023 xu
1513 2989 1537 3024 a.
1558 2971 1586 3023 iu
1608 2967 1640 3036 u]
1659 2971 1770 3023 sedecim
1796 2987 1819 3023 a
1847 2973 1875 3024 in
1902 2988 1925 3024 o.
1944 2972 2040 3024 fuitM

380 3049 413 3105 12
430 3055 463 3106 ab
482 3057 510 3120 (a
521 3055 556 3120 P)
573 3057 692 3108 amatheo
711 3055 824 3121 (matheo
838 3055 897 3121 Pe)
917 3063 1006 3110 nacto
1023 3056 1151 3126 episcopo]
1171 3075 1187 3110 ιι
1210 3060 1313 3111 matheo
1330 3075 1391 3126 rege
1408 3060 1543 3127 epiecopus
1553 3059 1587 3110 M
1690 3055 1722 3110 13
1739 3055 1880 3126 octoginta]
1900 3059 2033 3126 octingen-

378 3147 462 3192 torum
475 3141 508 3192 H
511 3142 528 3208 ¹,
547 3143 688 3210 octinginta
699 3141 745 3194 H*
808 3140 893 3211 annis]
907 3143 969 3210 Mo,
986 3161 1114 3198 annorum
1127 3144 1310 3198 ODGHKLP
1407 3144 1440 3198 14
1456 3147 1600 3198 hiberniam
1611 3145 1634 3210 Q
1734 3144 1810 3213 llltt
1829 3163 1870 3198 res
1888 3145 1946 3212 (rex
1954 3145 1990 3212 P)
2010 3163 2034 3198 a.

378 3244 401 3280 e.
418 3246 441 3280 a.
460 3229 531 3295 loqui
550 3227 610 3295 (om.
623 3229 686 3299 Do)
771 3247 816 3298 pro
835 3231 896 3296 (om.
912 3230 944 3296 Q)
963 3247 1045 3301 comp.
1063 3233 1188 3286 sermonis
1206 3231 1288 3298 (mem
1300 3231 1332 3296 Q)
1351 3250 1378 3284 ιι.
1397 3229 1445 3300 bn]
1463 3234 1610 3301 profitiebat
1627 3233 1740 3300 amplius
1758 3233 1789 3285 de
1808 3232 1912 3300 patritio
1930 3248 2035 3284 narrare

378 3315 423 3368 aed
441 3317 593 3383 cumpendio
610 3317 705 3370 laboris
724 3318 837 3370 breuiter
854 3335 924 3370 nuno
941 3318 1018 3371 liceat
1035 3321 1181 3373 terminare.
1216 3320 1323 3388 explicit
1339 3320 1371 3372 de
1388 3327 1476 3372 sancto
1494 3321 1598 3388 patritio
1615 3321 1734 3388 episcopo
1746 3320 1781 3371 Μ

484 3459 503 3522 ¹)
521 3461 580 3525 Hic,
597 3467 627 3512 ut
643 3459 707 3511 mihi
720 3460 830 3524 ridetur,
848 3460 1000 3513 contradicit
1011 3460 1114 3512 sibimet
1130 3459 1187 3527 ipsi,
1206 3467 1246 3513 set
1262 3459 1337 3512 aliter
1353 3460 1502 3512 audivimus
1520 3465 1546 3511 et
1563 3459 1658 3526 scriptu
1676 3459 1824 3526 reperimus.
1860 3457 2036 3525 quadragena·

378 3545 432 3596 rins
453 3551 518 3612 erat,
544 3547 647 3613 quando
669 3547 701 3598 de
722 3547 873 3614 captivitate
894 3547 976 3598 exirit
999 3552 1025 3598 et
1046 3563 1092 3613 per
1109 3546 1157 3597 XL
1173 3563 1256 3598 anuos
1272 3546 1360 3598 didicit
1384 3551 1411 3598 et
1428 3545 1475 3597 deo
1493 3545 1613 3608 servivit,
1638 3550 1664 3596 et
1681 3545 1729 3596 XL
1746 3543 1913 3612 praedicavit.
1949 3543 1975 3594 iu
1994 3545 2035 3594 his

377 3633 461 3683 tribus
478 3633 692 3701 quadragenariis
708 3649 770 3685 vero
788 3634 899 3684 maxime
916 3633 1042 3684 Patricius
1059 3639 1185 3700 aequatur
1202 3633 1299 3700 Moysi.
1318 3649 1378 3684 nam
1396 3633 1463 3684 siout
1475 3634 1579 3699 Moyses
1596 3632 1623 3682 iu
1642 3632 1689 3683 XL
1706 3631 1783 3683 aunis
1800 3631 1828 3682 in
1847 3630 1921 3682 domo
1939 3631 2035 3682 Phars-

378 3720 454 3772 houis
471 3722 544 3773 velut
565 3721 593 3772 iu
615 3721 766 3788 captivitate
789 3728 814 3772 et
836 3721 883 3772 XL
906 3721 934 3771 in
956 3720 1035 3772 exilio
1058 3721 1171 3772 interra
1188 3721 1292 3771 Madian
1311 3726 1337 3771 et
1354 3721 1402 3771 XL
1420 3719 1447 3770 in
1464 3719 1652 3786 praedicatione
1675 3725 1701 3770 et
1723 3718 1750 3768 iu
1769 3718 1866 3769 ducatu
1885 3717 1982 3785 populi,
2000 3717 2037 3769 ita

379 3803 438 3870 (om.
453 3804 502 3870 0⁸)
516 3808 644 3860 Patricius
656 3809 703 3860 XL
722 3809 749 3859 in
769 3807 846 3859 exilio
863 3807 931 3859 inter
948 3806 1036 3859 Gallos
1054 3814 1080 3858 et
1097 3808 1144 3858 XL
1162 3806 1331 3873 praedicando
1349 3813 1375 3857 et
1392 3806 1518 3857 miracula
1535 3806 1653 3858 faciendo
1670 3813 1748 3871 atque
1766 3805 1906 3856 resistendo
1918 3805 2036 3871 Loygere

378 3891 506 3958 registra.
520 3891 571 3962 ΘΙ)
585 3895 705 3960 etmagis
722 3895 791 3959 eins,
813 3894 882 3946 sicut
903 3894 1006 3960 Moyses
1029 3893 1157 3945 Pharaoni
1180 3900 1206 3945 et
1227 3893 1284 3944 eins
1301 3893 1399 3960 magis,
1422 3892 1531 3944 viriliter
1552 3901 1578 3944 et
1599 3893 1726 3944 indefesse
1749 3891 1797 3942 deo
1819 3891 1933 3943 servivit
1974 3907 2036 3941 nam

378 3978 444 4031 bene
462 3987 545 4046 potest
561 3982 618 4033 fieri
635 3981 708 4032 illum
727 3981 807 4033 fuisse
824 3981 852 4031 in
870 3979 1019 4048 captivitate
1037 3996 1082 4047 per
1099 3979 1148 4030 XV
1165 3995 1246 4031 annos
1264 3986 1290 4030 et
1307 3979 1529 4045 quadragenarius
1547 3995 1666 4045 egressus
1683 3979 1772 4030 fuisse.
1801 3977 1846 4029 sed
1859 3979 1908 4029 hoo
1919 3977 2036 4029 attende:

378 4067 481 4134 Moyses
493 4069 713 4136 quadragenarius
730 4069 787 4134 fuit,
806 4068 910 4134 quaudo
928 4068 959 4118 ds
978 4068 1097 4135 Aegypto
1114 4067 1196 4118 exivit
1213 4073 1239 4119 st
1256 4065 1283 4116 in
1301 4067 1391 4134 fugam
1416 4065 1448 4117 sd
1466 4067 1614 4132 Aegyptum
1636 4071 1739 4133 propter
1756 4064 1864 4132 populos
1882 4065 1923 4116 dei
1941 4065 2035 4115 missus

378 4153 452 4205 rediit
470 4161 528 4222 post
544 4156 592 4207 XL
609 4171 699 4207 annos.
735 4161 761 4206 et
778 4155 832 4222 ipae
850 4154 979 4206 Patricius
997 4154 1216 4221 quadragenarius
1233 4161 1296 4218 erat,
1314 4153 1418 4218 quando
1436 4152 1468 4204 de
1485 4153 1567 4204 Roma
1585 4148 1650 4219 [sic]
1669 4153 1696 4203 iu
1719 4153 1810 4217 sugam
1829 4151 1910 4203 exivit
1935 4159 1961 4203 et
1978 4161 2036 4218 post

378 4241 425 4291 XL
443 4256 525 4292 annos
542 4241 636 4292 missus
653 4240 687 4292 sd
710 4240 834 4307 populum
856 4239 897 4290 dei
915 4239 1095 4306 excipiendum
1117 4239 1149 4290 de
1172 4255 1251 4291 mann
1275 4239 1371 4291 diaboli
1393 4239 1427 4290 ad
1448 4238 1600 4290 Hiberniam
1623 4237 1705 4288 rediit
1745 4245 1772 4289 et
1793 4245 1901 4302 uterque
1926 4255 1971 4305 per
1989 4237 2035 4288 XL

377 4342 461 4380 annos
482 4327 510 4379 iu
534 4327 617 4380 stadio
635 4326 831 4394 praedicationis
849 4334 999 4377 manserunt
1016 4332 1042 4377 et
1059 4325 1137 4377 simili
1155 4325 1206 4376 tine
1224 4333 1250 4376 et
1267 4326 1364 4378 ieiunio
1382 4341 1434 4375 nou
1453 4323 1571 4375 dissimili
1589 4323 1652 4374 cdd.
1667 4323 1724 4375 ΟΜ.
