4554 6314
719 356 766 412 DE
783 356 929 414 axolnlo
950 357 998 414 ΕΤ
1017 358 1237 426 GONQVESTV
1255 361 1493 417 BRI'I'ANNIAE.
1893 372 1928 430 11

276 539 373 598 notae
391 531 496 597 codex
514 531 550 596 X
563 529 698 596 affectus
713 531 960 617 interpolatione
978 530 1093 596 eadem
1116 533 1306 618 praescribit
1329 534 1537 619 praelationi:
1562 535 1675 616 incepit
1694 536 1843 617 prefatio¹
1857 537 1931 602 libii

275 634 402 717 quamdi
426 635 531 700 sanai
560 633 653 699 Gilda
674 633 836 714 Sapientis
862 634 900 698 dc
926 635 1047 700 morato
1069 635 1252 713 Britannia,
1281 637 1319 701 de
1348 636 1584 702 summitatibne
1612 643 1642 703 et
1663 641 1929 720 prevaricationi-

276 741 335 806 bas
361 741 430 804 aas
457 739 573 804 maiam
599 759 638 802 ac
659 737 834 802 Britonnm
861 736 1040 803 mellatione
1067 743 1097 802 et
1122 744 1310 820 conquestae
1336 740 1440 820 meins
1462 747 1572 806 contra
1594 763 1695 825 repes,
1712 745 1877 826 principes
1899 748 1928 808 et

275 844 459 921 sacerdotes,
483 841 600 906 deinde
624 849 699 928 post
721 844 862 930 capitum
885 842 1024 908 indicem
1045 845 1108 928 ipsi
1135 844 1239 930 operi:
1268 845 1383 924 incipit
1409 843 1486 910 liber
1511 846 1664 927 paernlm
1695 849 1800 914 sancti
1830 847 1931 932 Gplie

276 947 436 1028 &patruis
464 945 502 1012 de
529 945 650 1010 eaeidio
677 945 889 1023 Britanniae,
917 946 954 1010 dc
981 944 1218 1010 unanimibus
1244 951 1274 1010 et
1293 947 1605 1027 prevaricationem
1633 951 1703 1016 eiras
1730 953 1861 1030 cimam,
1893 952 1931 1016 dc

274 1049 455 1115 mutatione
486 1048 661 1114 Britonam
691 1053 721 1112 et
757 1049 850 1114 daris
882 1049 1135 1130 oppressionibus
1170 1069 1277 1114 eoram
1310 1055 1340 1114 et
1372 1071 1470 1132 qaam
1498 1051 1600 1118 dolose
1629 1053 1770 1120 Bornani
1797 1075 1847 1120 eos
1869 1057 1931 1122 sibi

275 1154 451 1235 arbeperint
472 1157 620 1233 atquem
644 1151 783 1216 bellicose
805 1153 869 1233 ipsi
890 1153 1016 1216 diutins
1036 1153 1212 1217 restiterint
1226 1159 1256 1218 et
1271 1154 1423 1235 quomodo
1439 1153 1580 1220 Boviani
1589 1162 1749 1238 postremo
1771 1159 1816 1222 eis
1831 1179 1929 1238 prae·

271 1257 391 1337 positos
415 1255 577 1338 vectipales
596 1255 826 1338 praefecerint,
854 1257 902 1320 ita
928 1261 966 1320 at
991 1277 1057 1321 non
1084 1256 1279 1336 Britannia,
1307 1258 1363 1322 sed
1389 1257 1538 1323 Bonmna
1567 1259 1676 1324 imola
1697 1266 1877 1339 vocaretur,
1900 1269 1930 1328 et

275 1361 376 1426 oannis
397 1363 522 1426 moneta
543 1362 621 1424 aari
641 1360 766 1442 arpenti
788 1365 817 1423 et
839 1359 924 1424 ocris
946 1360 1085 1440 imapine
1110 1358 1258 1460 Caesaris
1278 1365 1453 1437 notaretur,
1476 1381 1537 1442 qao
1560 1367 1695 1445 tempore
1721 1362 1873 1430 Christus
1894 1366 1930 1430 in

274 1463 429 1529 mandam
450 1463 568 1528 venerit
590 1468 620 1527 et
641 1467 764 1544 quanta
781 1463 959 1544 pascentio
982 1468 1116 1542 tempore
1147 1461 1341 1528 Diocletiani
1369 1466 1540 1544 emerserit,
1566 1472 1723 1547 quantam
1751 1473 1929 1550 mammam

272 1567 375 1650 gloria
396 1573 474 1632 tane
494 1566 677 1632 Britannia
698 1565 883 1646 estiomserit,
904 1563 1043 1647 qualiter
1062 1587 1138 1647 peras
1160 1566 1335 1632 Britonam
1356 1569 1560 1648 imperatores
1575 1568 1736 1635 Romanos
1757 1573 1926 1636 attriverit.

273 1673 306 1735 in
328 1671 473 1756 margine
496 1669 681 1736 adnotatur:
712 1668 806 1746 bens,
830 1669 867 1732 ia
887 1689 948 1749 pao
972 1669 1082 1749 factae
1103 1675 1148 1734 cst
1169 1669 1221 1734 bie
1243 1669 1328 1747 liber,
1353 1677 1398 1736 eet
1423 1669 1544 1736 Grmlce
1570 1672 1679 1736 insula
1700 1675 1829 1738 marina
1852 1680 1927 1740 tem-

268 1795 347 1854 pore
368 1774 509 1839 Aribari
530 1775 621 1855 repis,
638 1791 778 1853 persona
802 1771 917 1836 ermae
939 1771 1110 1852 maana.
1149 1771 1363 1859 subscriptum
1385 1775 1419 1837 in
1442 1774 1560 1840 eodem
1581 1775 1679 1840 libro:
1702 1775 1830 1857 aeplicit
1852 1776 1929 1842 liber

276 1877 370 1943 Gilda
392 1876 554 1958 Sapientis
583 1876 620 1940 dc
648 1875 771 1940 excidio
800 1875 997 1940 Britanniae
1025 1880 1054 1939 et
1082 1875 1255 1941 Britonam
1284 1875 1475 1942 mutacione.
1521 1878 1701 1944 Historiam
1726 1879 1827 1962 Gytte
1853 1879 1928 1948 Gor·

273 2000 344 2046 ntae
373 1981 420 2044 sic
446 1979 567 2063 perlepe
598 1979 751 2061 scriptam
769 1980 774 2061 Ι
794 1978 929 2044 doctoris
954 1979 1063 2060 aava
1090 2000 1186 2044 sarna
1208 1978 1356 2060 avitaque
1386 1979 1547 2044 redactam
1567 1983 1571 2064 Ι
1591 1981 1646 2046 bec
1668 1987 1777 2047 tenues
1798 1989 1929 2067 superat

272 2083 386 2150 matos
407 2083 570 2165 carpitque
591 2083 739 2164 superbos
762 2082 890 2148 adiecta
912 2083 945 2147 in
969 2084 1115 2168 margine
1141 2083 1238 2148 hodie
1262 2084 1375 2148 mutilo
1391 2083 1601 2148 adnotatione
1618 2084 1694 2150 hac:
1718 2084 1831 2170 [seJeit
1845 2108 1926 2152 nan

272 2209 332 2270 pac
358 2189 425 2269 ipse
452 2187 551 2252 Gilda
572 2186 726 2271 [liblram
751 2208 901 2270 mapnam
924 2188 961 2252 dc
982 2189 1106 2269 rcpibrn
1126 2188 1341 2272 [Brthonam
1362 2193 1391 2252 et
1413 2189 1451 2252 vlc
1466 2188 1583 2268 preliis
1603 2209 1718 2267 emam,
1739 2189 1811 2273 [sed
1831 2191 1928 2276 plaia

272 2291 463 2371 vituperavit
484 2311 535 2354 eos
556 2289 727 2374 mal[tnm]
749 2291 786 2353 in
805 2289 858 2354 illo
874 2289 963 2368 libro,
986 2291 1231 2375 immaepepm
1253 2292 1318 2372 ipsi
1339 2291 1455 2356 libram
1477 2290 1577 2356 illam
1624 2290 1775 2376 equidem
1798 2294 1926 2358 titulum

273 2394 407 2461 Iorrnavi
429 2394 473 2460 ad
488 2395 647 2459 editiones
663 2393 893 2459 Cottonianum
918 2394 1035 2458 librum
1059 2401 1352 2480 repraesentantes,
1375 2395 1547 2481 potuitque
1570 2416 1590 2459 a
1611 2396 1704 2459 titrrlo
1721 2416 1760 2461 eo
1779 2402 1812 2460 et
1826 2397 1925 2462 inter·

272 2500 383 2586 palata
410 2499 555 2564 recensio
578 2497 786 2563 Abrincensis
816 2497 975 2584 proficisci
1005 2504 1038 2563 et
1065 2497 1201 2563 Oorrnac
1231 2499 1285 2562 ille
1314 2499 1424 2562 nescio
1449 2499 1538 2584 qui¹)
1562 2498 1774 2585 ampullarum
1798 2519 1927 2564 suarum

271 2604 409 2670 stamius
425 2623 563 2668 sumere.
597 2602 756 2667 consentit
775 2601 855 2666 item
871 2601 1074 2700 aliquatenus
1089 2602 1121 2666 in
1137 2601 1270 2666 historia
1286 2599 1468 2685 Anglorum
1486 2606 1514 2682 1,
1530 2605 1570 2666 22
1586 2600 1679 2666 Beda
1701 2599 1926 2668 Britannorum

272 2726 456 2772 memorans
478 2705 629 2772 scelernm
643 2704 742 2784 taeta,
764 2725 846 2785 qaae
867 2703 1038 2770 br'storicas
1060 2725 1169 2770 aarum
1186 2704 1304 2770 Gildras
1319 2703 1380 2789 (sio
1395 2705 1484 2790 libri)
1499 2704 1599 2784 flebili
1614 2726 1754 2770 sermone
1769 2705 1925 2788 describit,

271 2811 349 2876 item
381 2811 436 2896 qui
470 2809 553 2874 inira
583 2808 823 2894 adlegabuntur
856 2815 1005 2873 auctores
1034 2807 1164 2894 Anglioi
1191 2828 1275 2873 saec.
1300 2808 1381 2891 XII,
1409 2810 1442 2872 in
1472 2809 1521 2873 hia
1545 2807 1696 2874 Giraldus
1719 2808 1926 2875 (lambrensis

271 2914 371 2978 citans
402 2911 518 2978 Gildae
548 2912 664 2978 librum
692 2911 744 2976 ‘de
773 2910 899 2976 excidio
925 2910 1133 2976 Britanniae’.
1162 2949 1203 2960 -
1235 2911 1331 2985 Quod
1357 2911 1474 2977 Gildae
1505 2913 1635 2978 libellus
1665 2911 1763 2976 hodie
1791 2913 1924 2978 ancum-

270 3018 372 3082 fertur
393 3016 564 3104 bipertitus
586 3017 641 3098 ita,
664 3021 700 3080 ut
714 3015 813 3101 priori
828 3014 912 3100 parti
935 3018 1084 3080 11-26
1106 3015 1298 3082 inscribatur
1312 3015 1447 3080 lavam
1466 3014 1592 3092 atltae,
1615 3017 1709 3083 alteri
1732 3039 1759 3082 c.
1776 3020 1925 3082 27-110

269 3120 400 3202 11111111
425 3119 549 3198 Gillae,
572 3118 689 3184 accidit
710 3119 805 3204 culpa
828 3117 923 3198 Galii,
947 3137 1043 3203 quern
1066 3117 1247 3183 Stevenson
1269 3139 1367 3184 caece
1390 3125 1520 3184 secutus
1543 3125 1603 3200 est,
1625 3120 1735 3186 Petrie
1759 3119 1802 3206 (v.
1819 3120 1923 3206 praet.

270 3225 339 3290 eius
361 3245 393 3310 p.
406 3224 462 3307 62)
480 3229 513 3288 et
527 3222 706 3288 Bradshaw
721 3219 764 3307 (r.
781 3243 812 3308 p.
831 3218 886 3305 21)
910 3226 1110 3306 agnovenmt
1133 3223 1300 3303 erravisse,
1324 3221 1382 3286 sed
1403 3223 1458 3287 ille
1483 3242 1624 3288 errorem
1648 3224 1763 3289 tollere
1786 3244 1851 3288 non
1874 3229 1925 3288 est

270 3349 375 3410 ausus,
398 3328 450 3393 hic
472 3327 618 3392 libellum
639 3327 770 3413 plenum
795 3323 892 3390 edere
915 3325 1026 3389 noluit.
1072 3324 1228 3411 deceptus
1251 3331 1301 3390 est
1316 3324 1427 3390 Galins
1451 3346 1501 3407 eo,
1526 3325 1613 3412 quod
1635 3327 1668 3391 in
1691 3326 1802 3393 codice
1825 3332 1924 3391 notae

268 3433 396 3498 intimae
426 3431 461 3496 X
488 3431 558 3496 sola
584 3428 744 3516 reperitur
772 3448 846 3513 pars
874 3428 930 3492 illa
956 3428 1044 3513 prior
1075 3427 1261 3516 ibidemque
1291 3429 1501 3515 praefationis
1533 3431 1637 3515 prima
1670 3430 1771 3496 verba
1799 3431 1835 3494 in
1865 3430 1925 3494 bac

269 3534 406 3616 epistula
428 3534 639 3620 interpolator
667 3533 712 3596 ita
736 3531 888 3613 mutarit,
916 3537 952 3595 ut
979 3531 1094 3596 fierent
1121 3533 1157 3598 in
1183 3532 1239 3598 boc
1266 3531 1354 3598 libro.
1400 3532 1568 3598 evidenter
1599 3534 1653 3619 qui
1680 3533 1825 3598 codicem
1848 3553 1923 3598 eum

270 3637 416 3703 exaravit
437 3643 474 3702 ut
495 3637 623 3723 prologi
646 3642 793 3700 extrema
816 3635 861 3700 ita
885 3635 1005 3700 abiecit
1026 3641 1153 3721 partem
1175 3637 1248 3700 libri
1270 3637 1484 3722 posteriorem
1507 3656 1551 3701 ex
1574 3637 1648 3702 solis
1671 3638 1739 3702 fere
1761 3638 1924 3722 excerptis

269 3761 380 3806 sacrae
397 3741 576 3827 scripturae
593 3740 800 3825 compilatam
817 3759 920 3824 eaque
937 3745 1062 3804 tantum
1079 3740 1220 3820 retinuit,
1236 3759 1320 3825 quae
1336 3760 1443 3805 renim
1459 3746 1624 3825 gestarum
1640 3740 1765 3805 annoso
1782 3740 1923 3825 aliquam

269 3845 441 3910 utilitatem
469 3844 628 3931 praebere
650 3842 845 3908 viderentur.
902 3849 1052 3922 corruunt
1085 3844 1183 3927 igitur
1217 3863 1300 3928 quae
1330 3843 1389 3907 viri
1426 3841 1511 3908 docti
1542 3842 1679 3908 ficticiae
1709 3843 1783 3908 huic
1814 3844 1921 3929 operis

268 3948 417 4014 divisioni
439 3953 722 4034 superstruxenmt
744 3947 956 4032 temptamina
978 3947 1049 4031 ipsa
1069 3967 1184 4031 parum
1206 3945 1436 4031 probabilist).

371 4051 509 4118 Praeter
524 4051 705 4137 epistulam,
729 4070 825 4135 quam
842 4049 977 4130 edimus,
995 4048 1108 4114 Gildas
1123 4050 1187 4115 alia
1203 4069 1329 4135 quoque
1345 4050 1481 4135 scripsit.
1522 4051 1786 4116 commentarium
1803 4049 1920 4115 Gildae

268 4155 320 4220 ‘de
343 4151 552 4241 paenitentia
569 4154 710 4218 servavit
732 4152 941 4224 codesunua
964 4153 1041 4217 olim
1056 4153 1246 4219 adsentatus
1260 4152 1418 4238 Feoampi
1439 4154 1472 4216 in
1490 4153 1521 4217 N
1523 4155 1697 4234 armannia,
1714 4153 1810 4218 hodie
1825 4154 1918 4218 Pari·

268 4259 355 4324 sinus
383 4280 414 4322 n.
438 4261 521 4323 3182
550 4278 633 4322 saec.
651 4256 758 4340 xlxi,
789 4278 851 4342 quo
882 4255 993 4322 codiee
1023 4277 1105 4342 quac
1138 4257 1362 4321 contineantur
1385 4261 1514 4321 enarrat
1536 4254 1686 4320 Maaseen
1718 4256 1846 4338 0111111
1867 4257 1921 4320 cles

266 4383 379 4430 canon.
402 4359 549 4426 RecbtsI
571 4381 602 4446 p.
621 4364 697 4434 784;
721 4357 891 4424 ediderunt
913 4358 989 4424 inde
1011 4359 1156 4424 libellum
1180 4359 1327 4424 Murteae
1352 4365 1385 4423 et
1407 4358 1542 4423 Durand
1565 4360 1648 4424 thee.
1672 4380 1745 4424 nov.
1769 4359 1918 4438 anecdt

267 4463 382 4552 (1717)
405 4486 436 4552 p.
454 4468 483 4546 7,
506 4462 797 4529 Wasserschleben
819 4463 1093 4546 Bassordnnnpen
1117 4463 1229 4551 (Helle
1257 4463 1354 4550 1851)
1377 4485 1408 4549 p.
1433 4467 1493 4528 105
1523 4463 1565 4528 ad
1594 4461 1738 4528 codicem
1767 4465 1918 4528 collatum

267 4590 287 4634 a
309 4568 462 4650 huetio,
491 4566 634 4632 Haddan
661 4573 694 4632 et
724 4567 844 4632 Stubbs
867 4567 934 4652 (vel
961 4567 1068 4652 potius
1097 4567 1198 4632 Henr.
1221 4566 1414 4653 Bradshaw)
1437 4565 1577 4632 omncils
1606 4567 1674 4631 and
1695 4565 1917 4631 molestastical

266 4673 448 4738 documenta
469 4670 605 4753 relatinp
626 4675 657 4735 to
682 4671 782 4736 Great
804 4670 941 4735 Britain
962 4669 1029 4734 and
1049 4669 1182 4735 Ireland
1202 4671 1265 4735 rol.
1285 4676 1298 4734 I
1325 4667 1440 4756 (1869)
1462 4691 1494 4756 p.
1515 4672 1583 4734 113.
1636 4670 1917 4734 commentariolus

370 4879 397 4945 1)
416 4878 536 4931 ‘Gor-mac
553 4896 647 4931 nomen
664 4895 724 4932 cum
742 4895 759 4929 a
777 4885 850 4930 sexto
868 4879 973 4930 saeculo
992 4879 1024 4931 ad
1042 4880 1208 4930 undecimum
1227 4881 1253 4936 in
1272 4879 1398 4932 Hibernia
1416 4878 1650 4944 frequentissimum
1669 4879 1760 4941 fuerit,
1784 4893 1800 4926 a
1817 4876 1918 4927 Britan-

266 4968 333 5019 ‘nica
349 4974 435 5018 antmn
454 4966 544 5031 lingua
560 4966 709 5028 abhorreat,
726 4965 858 5018 adnotatio
876 4981 978 5032 quoque
997 4966 1102 5017 deloco
1120 4973 1233 5031 tempore
1251 4982 1358 5032 persona
1376 4965 1557 5017 consuetudini
1575 4965 1748 5015 lIibernornm
1766 4963 1918 5029 respondeat

265 5052 509 5119 ι(ιι11111Ρ11ι-1111
527 5050 596 5102 edita
613 5052 640 5102 in
657 5051 781 5102 1111111111
801 5051 975 5103 bollandianis
993 5050 1072 5104 roll
1091 5069 1116 5119 p.
1129 5049 1180 5104 548
1198 5053 1234 5103 its
1251 5051 1354 5118 incipit:
1374 5059 1471 5116 tempas
1490 5053 1560 5102 11111
1578 5058 1601 5102 at
1616 5066 1730 5116 perrona
1748 5049 1914 5114 repairanmr

265 5139 299 5191 ‘at
316 5141 354 5192 eia
371 5140 491 5206 deinceps
508 5138 619 5188 namatio
638 5139 768 5202 torreatur,
788 5143 982 5202 sequunturque
1000 5139 1103 5190 scheme
1120 5138 1188 5189 idem
1205 5139 1311 5189 exordIa
1328 5139 1381 5189 tere
1398 5138 1553 5204 hymnorum
1565 5133 1783 5200 Hibernicorum),
1802 5137 1917 5186 recensio

265 5225 338 5278 ‘haec
350 5226 475 5293 proticisci
484 5223 585 5275 ridetur
597 5223 632 5274 ab
644 5224 746 5274 homino
759 5225 871 5274 nationis
880 5225 1042 5289 Hibernicae,
1054 5224 1163 5290 degente
1174 5231 1260 5276 tamen
1272 5225 1414 5276 secundam
1426 5224 1538 5290 glossam
1551 5223 1583 5274 ad
1596 5217 1669 5289 p.33‚
1681 5220 1713 5272 12
1723 5217 1793 5286 (vide
1803 5238 1826 5288 p.
1835 5219 1879 5284 19)
1889 5222 1916 5272 in

265 5313 407 5364 ‘Britannia
419 5311 621 5378 septentrionali,
639 5310 737 5362 scilieet
753 5310 779 5360 in
792 5311 878 5362 Scotia
890 5327 956 5377 qnae
968 5319 1024 5362 tum
1036 5311 1170 5362 dicebatur
1182 5313 1289 5362 formata
1300 5327 1334 5362 ax
1345 5311 1516 5362 foederatione
1529 5309 1704 5360 Hibernornm
1717 5307 1915 5373 Pictorumque'.

264 5399 298 5449 Η.
311 5399 428 5449 Zimmar.
492 5393 520 5460 2)
537 5397 663 5448 Zimmero
682 5396 775 5460 (Nann.
794 5413 819 5462 p.
835 5393 881 5446 101
893 5395 957 5461 seq.)
971 5397 1027 5448 visa
1038 5404 1077 5448 est
1089 5397 1194 5448 Gildoni
1211 5397 1270 5448 libri
1289 5397 1419 5464 bipartitio
1436 5396 1592 5448 1111111111
1614 5395 1647 5445 ad
1665 5394 1799 5446 saeculnm
1811 5395 1873 5444 VIII
1891 5401 1917 5446 et

264 5485 371 5536 historia
392 5484 542 5536 Britannica
560 5501 590 5535 ao
608 5491 719 5550 ternpore
745 5484 782 5534 ita
803 5489 893 5548 coepta
918 5497 974 5533 esse
1001 5482 1093 5547 scribi,
1119 5491 1150 5534 nt
1176 5489 1272 5550 partem
1296 5484 1405 5549 priorem
1423 5483 1563 5534 Gildanaru
1581 5481 1728 5532 historicam
1747 5480 1915 5531 continuaret.

264 5579 292 5620 at
308 5570 497 5637 bipertitionem
515 5571 573 5622 libri
590 5586 679 5622 omnes
706 5571 833 5636 ignorant,
861 5584 921 5620 nam
938 5569 1115 5636 nepessinus
1133 5570 1236 5636 quidem
1254 5569 1297 5620 iile
1320 5568 1350 5619 X
1363 5569 1459 5622 librum
1477 5569 1577 5633 divisit,
1601 5569 1645 5619 aed
1665 5568 1806 5630 breviavit,
1832 5582 1915 5631 neque

263 5657 427 5708 temerarium
443 5663 615 5708 commentum
633 5656 736 5707 editoris
754 5655 855 5723 septimi
873 5655 964 5706 decimi
982 5656 1078 5707 saeculi
1097 5656 1185 5708 reterri
1203 5658 1295 5723 poterit
1311 5657 1343 5708 nd
1361 5655 1493 5708 saeculum
1511 5662 1639 5706 11111111,

1677 5753 1709 5808 2*
