4634 6286
972 295 1060 350 vnn
1078 295 1222 352 arrosa.
1865 301 1923 364 103

270 469 409 529 mortem
433 472 541 530 autem
565 466 722 531 Gaufredi
749 465 848 548 ducis,
872 489 944 533 cum
968 468 1074 535 redire
1097 471 1253 534 voluisset
1267 469 1364 534 Felix
1388 470 1430 534 ad
1446 491 1538 535 suum
1554 473 1794 552 monasterium,
1811 472 1924 538 Hade-

272 571 365 654 gogis
388 571 551 636 comitissa
574 592 638 635 non
662 573 809 657 permisit
831 574 920 637 illum
943 573 1000 656 ire,
1024 573 1082 638 sed
1104 574 1213 638 multis
1236 574 1387 660 precibus
1410 575 1547 658 rogavit,
1571 582 1606 640 ut
1629 583 1777 640 maneret
1800 583 1833 640 et
1850 597 1924 662 per-

271 673 384 738 ficeret
407 695 462 755 ca,
486 695 569 759 quae
592 676 641 739 vir
663 697 738 740 suus
761 676 794 740 in
816 676 1034 740 restaurandis
1065 676 1229 741 coenobiis
1257 676 1467 740 inchoaverat
1498 678 1615 743 facere.
1660 686 1806 743 retentus
1828 680 1926 765 igitur

271 799 292 841 a
319 779 482 842 comitissa
512 785 545 843 et
575 781 763 844 consiliariis
795 782 863 845 eius
886 781 1093 865 maximeque
1117 779 1159 845 ab
1184 782 1337 866 episcopo
1360 779 1541 846 Venetensi
1563 782 1744 864 Iudicaele,
1774 785 1925 868 quicum

231 897 243 935 ⁵
271 882 364 945 unice
389 882 556 968 diligebat,
580 885 683 969 primo
708 883 838 970 quidem
862 905 962 971 parra
985 885 1091 948 erexit
1106 884 1293 948 habitacula
1314 885 1347 948 in
1371 906 1470 970 supra
1486 885 1579 950 dictis
1603 887 1692 950 locis.
1738 892 1830 950 crant
1844 907 1922 950 vero

270 985 393 1051 ibidem
410 988 568 1052 ecclesiae
589 989 657 1052 sine
681 989 774 1052 tectis
798 996 831 1053 et
855 995 1012 1073 exparte
1037 987 1162 1054 dirutae
1186 994 1220 1052 et
1241 989 1326 1053 inter
1348 989 1435 1075 ipsos
1458 990 1600 1075 parietes
1624 1010 1764 1054 annosae
1787 989 1921 1054 arbores

272 1097 456 1172 creverant,
486 1090 545 1156 sed
575 1097 609 1155 et
632 1092 713 1156 ostia
736 1093 806 1178 ipsa
829 1091 989 1179 quaedam
1014 1093 1246 1158 concluserant.
1290 1093 1379 1157 nulla
1401 1093 1447 1157 ibi
1475 1100 1549 1157 tunc
1576 1093 1785 1158 habitationis
1808 1092 1936 1158 domus.

273 1200 354 1271 erat,
377 1195 465 1259 nulla
487 1195 626 1259 hominis
650 1197 861 1278 conversatio,
885 1195 945 1261 scd
968 1204 1059 1261 erant
1082 1196 1114 1261 in
1137 1198 1214 1282 ipsis
1232 1197 1330 1261 etiam
1347 1198 1491 1262 ecclesiis
1508 1199 1625 1263 cubilia
1641 1199 1792 1263 feramm.
1830 1197 1921 1262 vide-

270 1298 366 1362 batur
388 1319 466 1383 argo
484 1299 631 1364 omnihus
647 1299 844 1365 laboriosum
859 1301 954 1365 valde
978 1307 1012 1365 et
1034 1301 1164 1366 difficile
1195 1301 1332 1387 aggredi
1355 1309 1421 1366 tam
1443 1303 1634 1367 immensum
1658 1323 1749 1389 opus.
1787 1302 1846 1366 sed
1868 1303 1922 1366 ille

97 1477 100 1482 p
220 1421 244 1459 ιο
271 1401 396 1466 habens
423 1401 575 1466 fiduciam
608 1405 640 1466 in
675 1404 804 1468 domiuo
832 1425 896 1469 non
924 1404 1084 1470 dubitarit
1113 1405 1267 1470 invadere
1299 1406 1378 1471 illud
1404 1427 1465 1471 nec
1495 1406 1555 1472 fuit
1584 1427 1640 1492 spe
1664 1427 1722 1470 sua
1745 1407 1924 1470 fmstratus.

269 1526 344 1570 nam
374 1505 456 1569 infra
489 1526 609 1592 paucos
641 1507 710 1572 dies
741 1515 961 1573 conrenemnt
983 1508 1025 1573 ad
1049 1530 1123 1573 eum
1147 1511 1260 1595 optimi
1284 1517 1318 1574 et
1340 1511 1483 1595 religiosi
1506 1512 1581 1592 viri,
1605 1531 1741 1596 quorum
1764 1510 1923 1576 adiutorio

271 1616 304 1674 et
336 1610 489 1674 ecclesias
524 1612 718 1674 restauravit
746 1617 780 1675 et
808 1611 922 1676 domos
951 1613 1148 1696 aedificavit,
1177 1614 1289 1677 vineas
1318 1614 1476 1701 plantavit
1499 1621 1595 1701 atque
1619 1615 1778 1701 pomaria:
1810 1614 1851 1678 ab
1874 1615 1924 1679 his

273 1714 371 1777 etiam
395 1715 486 1799 pueri
510 1715 640 1778 enutriti
662 1715 694 1778 in
718 1713 771 1779 dei
794 1717 924 1781 servitio
948 1718 1049 1782 fuere.
1093 1716 1269 1782 Paridem
1292 1724 1420 1805 tempus
1436 1716 1581 1782 Britanni
1597 1719 1712 1782 itemm
1734 1719 1766 1782 in
1790 1718 1923 1783 seditio·
1943 1716 1983 1776 37

270 1839 344 1882 nem
368 1817 454 1881 versi
475 1817 564 1882 bella
587 1827 840 1885 commovemnt.
886 1842 960 1885 nam
984 1821 1094 1886 mstici
1110 1821 1314 1906 insurgentes
1331 1827 1442 1886 contra
1458 1821 1605 1886 dominos
1627 1843 1701 1885 suos
1721 1842 1923 1907 congregan-

220 1944 243 1983 a
272 1928 337 1986 tur:
362 1921 543 1985 at'nobiles
566 1922 674 1986 iuncto
698 1943 808 1987 secum
832 1925 947 1988 comite
970 1925 1076 1990 Alauo
1106 1926 1237 2010 agmina
1267 1927 1456 1990 msticorum
1480 1925 1651 2007 invadunt,
1674 1924 1850 2006 trucidant,
1874 1926 1922 1990 di-

272 2030 437 2111 spergunt,
454 2031 699 2112 persequuntur,
717 2028 867 2111 quoniam
891 2029 959 2093 sine
976 2028 1057 2094 duce
1075 2035 1108 2093 et
1124 2031 1192 2094 sine
1208 2030 1341 2094 consilio
1357 2035 1514 2094 venerant
1536 2029 1568 2092 in
1590 2029 1758 2114 proelium.
1804 2027 1922 2093 deinde

270 2128 401 2214 quidam
431 2128 586 2193 nobilium
615 2130 858 2195 insurrexemut
886 2138 998 2196 contra
1021 2133 1190 2214 comitem,
1214 2133 1272 2198 sed
1294 2154 1359 2197 nou
1381 2134 1647 2219 praevaluerunt,
1677 2133 1828 2217 quoniam
1851 2133 1922 2218 ipse

269 2235 319 2299 vir
340 2234 475 2319 ignavus
499 2238 532 2297 et
555 2233 623 2297 sine
646 2235 781 2298 scientia
804 2255 867 2298 non
891 2242 970 2299 crat.
1015 2237 1098 2300 inter
1127 2237 1186 2300 hos
1217 2237 1371 2301 tumultus
1393 2235 1504 2317 Felix,
1534 2236 1685 2322 quoniam
1708 2257 1772 2300 non
1795 2243 1923 2322 poterat

272 2338 381 2424 quiete
406 2344 438 2401 et
460 2337 593 2423 pacifico
617 2338 744 2420 vivore,
768 2340 880 2402 statuit
903 2339 944 2402 ad
967 2341 1198 2404 monasterium
1222 2362 1314 2404 suum
1336 2339 1460 2422 redire,
1485 2361 1557 2404 nam
1582 2339 1779 2404 sedecimum
1803 2361 1920 2405 annum

217 2461 242 2501 ao
271 2442 402 2527 agebat,
427 2463 468 2505 ex
486 2463 549 2526 quo
572 2443 614 2507 ab
631 2442 751 2506 abbate
768 2464 825 2506 suo
840 2443 960 2508 ibidem
984 2445 1188 2509 transmissus
1204 2446 1319 2510 fuerat.
1363 2451 1513 2508 conatmn
1529 2465 1606 2508 vero
1628 2444 1729 2529 ipsius
1751 2445 1921 2529 praevenit

268 2545 462 2630 Hadegogis
486 2546 659 2610 comitissa.
704 2547 790 2610 misit
813 2569 952 2633 namque
978 2569 1037 2633 per
1052 2547 1214 2634 quendam
1229 2549 1342 2632 virum,
1366 2549 1508 2633 quicum
1533 2568 1573 2612 eo
1596 2547 1767 2632 pergebat,
1790 2547 1919 2612 nomine

268 2649 364 2714 Filim
389 2649 559 2735 epistolam
583 2649 625 2714 ad
648 2650 801 2716 abbatem
825 2652 909 2716 illius
931 2673 1066 2738 rogans,
1089 2673 1130 2717 ne
1154 2653 1220 2717 ullo
1243 2652 1341 2717 modo
1366 2672 1441 2718 eum
1464 2652 1635 2734 retineret,
1660 2650 1718 2715 sed
1741 2650 1869 2715 abbatis
1892 2651 1923 2715 ei

270 2752 530 2817 benedictionem
554 2752 648 2818 daret
671 2761 705 2818 et
733 2755 774 2818 ad
802 2776 836 2819 se
868 2755 957 2820 illum
980 2756 1095 2820 itemm
1118 2757 1366 2836 transmitteret,
1398 2756 1549 2840 quoniam
1573 2754 1628 2818 filii
1653 2755 1721 2818 eius
1745 2755 1867 2818 Alanus
1891 2760 1924 2818 et

268 2856 363 2923 Eudo
387 2859 450 2921 iam
482 2857 583 2922 adulti
606 2860 710 2944 parati
735 2865 826 2923 erant
849 2861 1004 2946 perficere
1029 2861 1145 2941 omnia,
1171 2880 1253 2945 quae
1283 2866 1377 2945 pater
1407 2879 1518 2923 eorum
1542 2859 1571 2922 ei
1594 2859 1796 2944 promiserat.
1842 2858 1923 2923 (lum
1942 2853 1982 2915 38

217 2979 241 3020 ⁹³
269 2963 366 3047 igitur
395 2962 529 3047 legisset
551 2960 725 3024 Gauzlinus
757 2961 858 3026 abbas
882 2963 1067 3047 epistolam,
1091 2970 1187 3027 vocat
1207 2962 1352 3028 Felicem
1382 2962 1574 3027 monachum
1598 2963 1856 3046 interrogatque,
1880 2961 1922 3025 ad

269 3066 346 3154 quid
368 3065 494 3130 venerit
517 3064 569 3129 vel
592 3085 648 3128 cur
671 3064 827 3129 dimiserit
848 3065 921 3129 loca
943 3066 1014 3150 ipsa
1038 3072 1071 3129 et
1094 3066 1390 3151 congregationem,
1415 3087 1510 3151 quam
1534 3065 1564 3128 ei
1588 3065 1803 3128 commiserat.
1848 3065 1920 3128 ille:

269 3171 435 3257 quoniam,
465 3169 581 3254 inquit,
611 3188 671 3232 nec
705 3169 838 3254 pacifice
861 3189 967 3254 neque
992 3189 1063 3232 cum
1094 3169 1203 3254 quiete
1233 3189 1364 3255 possum
1393 3169 1438 3233 ibi
1467 3168 1529 3233 deo
1553 3168 1683 3234 servire.
1729 3167 1780 3231 oui
1802 3167 1922 3231 abbas:

269 3279 436 3340 tuentem
465 3274 498 3337 in
525 3278 580 3335 tua
608 3277 702 3357 putas
732 3271 854 3336 habere
878 3272 998 3358 patria,
1023 3272 1110 3357 quod
1133 3270 1278 3336 Christus
1300 3293 1365 3336 non
1393 3272 1507 3336 habuit
1532 3271 1564 3334 in
1592 3277 1672 3334 suat
1712 3271 1738 3333 si
1761 3270 1859 3355 igitur
1881 3270 1922 3335 ad

268 3377 430 3444 Christum
458 3377 506 3440 vis
534 3376 718 3462 pervenire,
748 3375 862 3457 debes,
896 3377 977 3440 sicut
1010 3381 1043 3440 et
1065 3375 1119 3440 ille
1148 3375 1339 3457 ambularit,
1363 3381 1397 3440 et
1426 3381 1460 3440 tu
1483 3374 1660 3439 ambulare.
1712 3376 1781 3460 ‘per
1803 3373 2072 3443 muirtemne.

213 3501 238 3542 ac
268 3483 362 3546 ‘enim
391 3476 636 3561 tribulationes’,
660 3480 741 3544 sicut
764 3479 840 3544 dicit
867 3481 1047 3565 apostolus,
1076 3483 1217 3566 ‘oportet
1249 3501 1306 3544 nos
1333 3480 1453 3544 intrare
1482 3480 1515 3543 in
1544 3498 1681 3564 reguum
1710 3475 1784 3542 dei’.
1842 3499 1921 3564 ergo

267 3587 447 3672 patienter,
472 3583 651 3664 carissimo,
682 3583 731 3647 fer
753 3584 935 3665 molestias,
958 3584 1153 3669 ubicumque
1177 3584 1292 3666 fareris,
1317 3589 1351 3648 et
1373 3589 1443 3647 esto
1473 3582 1566 3647 nobis
1590 3581 1762 3664 obediens,
1786 3583 1867 3646 sicut
1889 3583 1922 3646 in

267 3695 322 3753 tua
344 3688 545 3774 professione
570 3687 632 3751 deo
655 3687 771 3751 vovisti
795 3693 828 3750 et
851 3688 977 3773 suscipe
1003 3708 1111 3751 curam
1129 3686 1258 3752 abbatis
1273 3693 1371 3772 atque
1387 3686 1662 3768 benedictionem,
1685 3691 1722 3750 ut
1744 3706 1817 3749 cum
1832 3686 1920 3771 ipsis,
1980 3687 1984 3698 '

266 3791 381 3877 quibus
412 3798 444 3856 te
474 3811 626 3876 praeesse
654 3791 828 3872 voluimus,
860 3791 1030 3876 pervenire
1058 3790 1168 3854 valeas
1196 3790 1238 3855 ad
1269 3797 1435 3855 aeternam
1459 3791 1568 3856 vitam.
1618 3789 1677 3853 sed
1708 3809 1779 3852 cum
1806 3790 1861 3853 ille
1884 3811 1919 3853 se

269 3901 440 3962 excusaret
470 3901 503 3959 et
530 3895 617 3959 nullo
647 3893 743 3959 modo
772 3895 834 3959 hcc
863 3895 970 3959 facere
995 3915 1029 3958 se
1053 3915 1149 3981 posse
1173 3893 1308 3976 diceret,
1338 3893 1456 3977 abbas,
1480 3894 1640 3979 quierat,
1665 3893 1747 3956 sicut
1769 3891 1918 3974 diximus,

215 4020 240 4060 aa
268 4001 453 4087 episeopus,
481 4005 645 4084 arreptum
675 4019 746 4063 eurn
775 3999 907 4063 inritum
939 3998 982 4062 ad
1009 3999 1110 4063 altare
1141 3998 1233 4063 duxit
1260 4005 1358 4085 atque
1381 3998 1422 4063 ad
1445 3998 1572 4063 abbatis
1596 3998 1736 4062 officium
1759 3997 1921 4083 promovit

266 4111 380 4190 quarto
407 4124 508 4168 nonas
530 4102 614 4168 Iulii.
659 4110 794 4189 accepta
824 4103 933 4188 itaque
961 4102 1057 4167 Felix
1089 4104 1155 4167 iam
1188 4102 1289 4167 abbas
1324 4109 1390 4166 tam
1421 4101 1549 4166 abbatis
1582 4102 1630 4165 sui
1659 4121 1755 4186 quam
1784 4106 1918 4164 cunctae

265 4207 526 4292 congregationis
560 4227 638 4270 suae
674 4206 899 4272 bencdictione
934 4209 1125 4286 revertitru,
1156 4206 1440 4272 commendaticias
1467 4227 1577 4270 secum
1610 4205 1760 4269 deferens
1793 4205 1918 4268 litteras

265 4311 461 4399 principibus
490 4310 675 4375 Britanniae
706 4317 739 4375 et
768 4310 921 4397 episeopo
938 4311 1127 4376 Venetensi.
1181 4332 1254 4376 cum
1286 4318 1394 4375 autem
1424 4309 1601 4387 dubitaret,
1630 4329 1727 4393 quem
1758 4308 1919 4394 potiorem

264 4417 370 4480 locum
394 4414 434 4479 de
458 4414 584 4479 duobus
607 4421 764 4480 statueret
787 4415 899 4480 sedem
922 4416 1075 4480 abbatiae
1091 4414 1226 4496 habere,
1251 4415 1365 4479 ducem
1381 4413 1521 4478 Alanum
1538 4415 1790 4499 episcopumque
1808 4411 1918 4475 Vene-

212 4541 239 4580 a
266 4527 392 4584 tensam
415 4539 513 4605 super
534 4520 594 4583 hac
617 4541 652 4584 re
677 4519 844 4584 consuluit.
889 4519 937 4584 illi
960 4520 1143 4584 convocatis
1159 4518 1320 4583 nobilibus
1343 4518 1428 4599 viris,
1452 4517 1611 4602 aliquibus
1635 4517 1733 4580 ctiam
1755 4514 1917 4600 episcopis

265 4629 445 4688 statuerunt
476 4623 582 4687 locum
605 4624 707 4687 sancti
730 4622 868 4704 Gildae,
893 4624 946 4708 qui
970 4628 1040 4686 crat
1062 4623 1224 4708 antiquior
1254 4628 1287 4686 et
1309 4628 1415 4686 terrae
1439 4620 1621 4700 fertilitate,
1645 4618 1795 4682 frumenti
1819 4617 1918 4680 etiam

266 4727 386 4792 etvini
413 4726 629 4812 arborumque
657 4727 887 4811 pomiferamm
918 4723 1148 4806 abundantior,
1179 4724 1379 4789 diversorum
1409 4743 1536 4809 quoque
1563 4742 1754 4807 magnorum
1783 4719 1918 4805 piscium

264 4830 439 4918 generibus
462 4831 526 4895 suis
555 4829 754 4914 temporibus
777 4829 969 4894 affluentior.
1015 4827 1095 4891 Erat
1118 4835 1225 4892 autern
1250 4829 1283 4891 in
1307 4826 1424 4892 eodem
1447 4828 1518 4890 loco
1535 4827 1605 4912 ipso
1622 4831 1769 4909 tempore
1788 4824 1917 4910 quidam
1936 4827 1976 4888 39

268 4935 321 5000 dei
343 4955 455 4999 servus
471 4933 647 4997 solitariam
663 4933 764 4995 vitam
782 4931 903 4995 ducens
921 4931 1051 4995 nomine
1066 4931 1208 5012 Ehoam,
1230 4952 1327 5016 super
1349 4951 1445 5016 quem
1460 4936 1555 4994 nocte
1575 4930 1734 4992 irruentes
1749 4929 1919 4994 latnmouli

212 5058 237 5098 a
268 5059 341 5103 eum
366 5059 408 5102 cx
432 5037 621 5102 adhaerenti
645 5036 803 5099 ecclesiae
828 5033 925 5099 domo
943 5040 1165 5098 extraxerunt.
1211 5033 1341 5120 quidam
1363 5054 1441 5098 vero
1467 5054 1510 5098 cx
1531 5032 1611 5118 ipsis
1626 5031 1816 5118 Leopardus
1840 5053 1917 5117 cog·

264 5143 401 5224 nomine.
419 5142 576 5228 arripiens
599 5139 737 5204 securim
760 5158 858 5223 super
880 5137 979 5201 limen
1000 5138 1157 5201 ecclesiae
1175 5137 1343 5201 cerebrum
1366 5137 1450 5200 illius
1474 5136 1624 5200 excussit.
1670 5137 1723 5222 qui
1745 5157 1824 5202 mox
1847 5157 1916 5200 eor-

266 5251 378 5332 reptus
401 5267 421 5310 a
445 5243 615 5310 daemonio
638 5243 671 5306 in
692 5247 811 5306 terram
829 5241 948 5305 corruit
970 5246 1068 5325 atque
1086 5261 1156 5304 cum
1174 5241 1374 5322 surrexisset,
1392 5239 1557 5304 cultellum
1574 5239 1734 5326 accipiens
1757 5260 1792 5304 sc
1814 5239 1918 5327 ipsum

266 5351 298 5414 in
324 5355 456 5435 pectore
480 5347 659 5413 vulneravit
683 5353 715 5410 et
738 5345 797 5410 nisi
821 5344 883 5408 cito
907 5367 927 5407 a
949 5345 1044 5408 sociis
1061 5345 1127 5408 suis
1143 5344 1257 5407 fuisset
1274 5343 1436 5425 defensus,
1452 5349 1556 5409 semet
1572 5345 1676 5430 ipsum
1693 5343 1917 5409 interfecisset.

266 5491 352 5498 ...—

371 5571 404 5630 16
423 5575 530 5625 concilio
542 5572 568 5624 B
671 5569 705 5623 25
722 5566 868 5638 gauzlinus]
887 5568 923 5622 ric
935 5567 995 5620 ΒΜ
1094 5567 1128 5620 37
1147 5584 1210 5622 suae
1228 5584 1276 5621 ora
1288 5565 1314 5618 B
