4598 6300
839 302 915 359 CVM
934 305 1210 363 suuluauuuurs
1230 307 1372 364 NENNlI.
1871 321 1925 382 191

392 461 617 536 HISTORIA
640 473 853 540 RRH'TON
857 477 933 544 VM.
1225 481 1440 550 NENNIVS
1460 485 1800 554 INTERPRETAT
1806 489 1865 555 VS.

280 587 492 672 tbigirniaun,
528 594 756 660 miserabiliter
785 597 916 684 effugit,
943 607 979 664 ut
1008 601 1052 666 ibi
1157 603 1271 688 effugit
1287 609 1320 668 et
1335 605 1429 670 latuit
1444 615 1518 672 ante
1535 609 1732 674 Germanum
1750 629 1821 673 cum
1838 610 1930 674 cleri-

279 713 351 757 cum
384 694 540 759 uxoribus
573 697 638 761 auis
673 699 799 765 lateret.
861 709 895 767 et
924 709 1053 768 sanctus
1157 707 1202 770 cis
1224 706 1393 772 Britonum
1420 711 1452 774 in
1476 713 1625 797 regione,
1654 713 1704 777 cui
1735 719 1785 777 est
1812 733 1932 778 nomen

279 795 459 861 Germanus
496 806 571 884 poet
602 802 692 869 illum
726 812 855 871 secutus
893 814 944 873 est
982 828 1054 872 cum
1158 810 1452 897 Guorthigimiaun.
1498 822 1532 880 et
1546 817 1635 881 venit
1656 816 1836 881 Germanus
1859 837 1931 881 cum

280 901 367 964 omni
390 902 475 966 clero
498 902 681 971 Brittonum
706 916 739 973 et
766 910 811 975 ibi
836 910 1054 997 'quadraginta
1158 914 1282 979 clericis
1304 914 1472 982 Britonum
1495 925 1529 982 et
1557 920 1603 984 ibi
1625 919 1840 1006 quadraginta
1862 919 1931 984 die·

241 1029 252 1066 s
280 1002 395 1068 diebus
418 1011 451 1069 et
474 1007 688 1094 quadraginta
707 1014 855 1078 noctibus
878 1016 996 1080 mansit
1018 1022 1052 1080 et
1117 1039 1129 1078 a
1155 1018 1216 1083 bus
1251 1024 1285 1082 et
1317 1020 1532 1107 quadraginta
1561 1024 1709 1089 noctibus
1737 1024 1870 1091 mansit:
1900 1031 1933 1089 et

280 1129 377 1194 super
398 1116 526 1195 petram
550 1113 665 1178 orabat
689 1122 722 1179 ct
737 1115 789 1181 ‹lie
806 1123 968 1203 noctuque
985 1125 1051 1183 sta·
1156 1122 1273 1186 iterum
1308 1121 1566 1208 Guorthigernus
1605 1146 1708 1210 usque
1746 1126 1788 1191 ad
1825 1148 1933 1193 arcem

279 1212 346 1278 bat.
397 1218 430 1276 et
459 1215 575 1279 iterum
606 1217 853 1305 Guorthigimus
882 1243 984 1308 usque
1013 1222 1055 1287 ad
1156 1247 1247 1290 suam
1289 1225 1446 1291 abscessit
1481 1228 1607 1313 fugiens
1640 1230 1791 1311 clericos,
1834 1236 1867 1293 et
1900 1229 1934 1293 hi

279 1337 387 1380 arcem
411 1317 651 1404 Guorthigirni,
681 1330 839 1409 quaeest
866 1325 900 1390 in
922 1312 1054 1411 regione
1156 1329 1247 1393 illum
1275 1329 1411 1394 insecuti
1445 1338 1519 1395 sunt
1553 1338 1586 1396 et
1616 1333 1662 1397 ibi
1688 1332 1790 1398 tribus
1819 1331 1933 1397 diebus

280 1420 494 1486 Demetorum
531 1424 623 1490 iuxta
660 1427 780 1491 flumen
815 1427 927 1510 Teibi,
961 1430 1054 1515 igno·
1157 1439 1191 1497 et
1221 1432 1322 1497 tribus
1352 1434 1501 1499 noctibus
1534 1435 1565 1498 in
1593 1436 1712 1501 ieiunio
1736 1443 1932 1502 manserunt.

230 1547 255 1588 ro
281 1525 417 1591 miniosa
440 1524 606 1593 abscessit.
652 1537 685 1594 et
707 1531 802 1596 solito
818 1553 909 1596 more
925 1539 1054 1598 sanctus
1108 1555 1133 1594 ro
1160 1541 1193 1600 et
1214 1536 1297 1621 ignis
1319 1536 1384 1601 Dei
1407 1535 1448 1600 de
1472 1540 1563 1604 caelo
1587 1541 1764 1605 combussit
1778 1539 1932 1606 Guorthi·

279 1629 461 1694 Germanus
484 1651 558 1696 eum
582 1639 711 1697 secutus
734 1639 784 1698 est
807 1641 841 1700 et
862 1636 908 1701 ibi
928 1637 1053 1702 ieiunus
1160 1641 1286 1724 gimum
1309 1661 1380 1704 cum
1405 1642 1552 1706 omnibus
1576 1644 1645 1708 eius
1667 1644 1859 1716 homiuibus.

278 1754 351 1797 cum
375 1735 462 1798 omni
485 1735 571 1799 clero
595 1737 698 1801 tribus
720 1737 834 1803 diebus
851 1739 1051 1826 totidemque

278 1836 426 1902 noctibus
459 1839 632 1904 causaliter
664 1843 782 1908 mansit
810 1849 844 1907 et
877 1843 910 1907 in
940 1850 1055 1930 quarta

278 1946 373 2005 nocte
396 1961 456 2004 arx
479 1945 548 2006 tota
570 1942 699 2009 mediae
716 1946 800 2010 circa
820 1948 924 2011 noctis
939 1948 1052 2014 boram

231 2066 255 2104 rr
281 2045 472 2130 perignem
487 2045 619 2110 missum
643 2046 684 2112 de
708 2049 800 2113 caelo
822 2070 865 2114 ex
879 2051 1054 2137 improviso

280 2147 399 2212 cecidit
422 2148 557 2214 ardenta
579 2150 656 2236 igne
676 2153 824 2227 caelesti;
849 2160 882 2218 at
898 2153 1052 2221 Guortbi-

281 2252 390 2337 girnus
420 2274 492 2318 cum
516 2254 680 2336 omnibus,
709 2255 763 2340 qui
792 2277 863 2322 cunr
889 2278 928 2322 eo
953 2265 1055 2341 erant,

281 2362 315 2420 et
349 2378 422 2421 cum
455 2357 611 2422 uxoribus
645 2359 709 2422 suis
743 2357 871 2424 deiecit.
926 2361 978 2427 hic
1006 2368 1056 2427 est

280 2459 352 2524 finis
375 2459 613 2545 Guortbigimi‚
637 2467 673 2525 ut
699 2463 733 2527 in
754 2463 836 2529 libro
860 2464 949 2530 beati
972 2465 1056 2531 Ger-

176 2595 178 2600 .
229 2581 255 2622 eo
280 2564 369 2628 mani
390 2565 529 2649 repperi.
567 2565 621 2628 alii
643 2571 752 2630 autem
777 2567 871 2632 aliter
895 2566 1054 2636 dixerunt.

226 2671 263 2726 48
345 2667 523 2753 Postquam
546 2669 638 2732 exosi
660 2669 789 2735 luerunt
803 2670 851 2735 illi
866 2692 978 2737 omnes
994 2673 1055 2739 ho-

278 2771 382 2837 mines
411 2771 517 2856 gentis
543 2792 621 2836 suae
648 2794 707 2859 pro
735 2775 862 2860 piaculo
892 2796 949 2841 suo
972 2777 1056 2843 inter

277 2879 429 2960 potentes
452 2879 487 2939 et
511 2875 725 2962 impotentes,
753 2879 837 2942 inter
865 2900 992 2946 servum
1022 2887 1056 2946 et

277 2977 430 3058 liberum,
460 2979 545 3043 inter
574 2982 750 3046 monachos
774 2989 808 3048 et
833 2984 949 3066 laicos,
972 2985 1056 3049 inter

385 3275 648 3340 uoorrunrruro

382 3437 457 3490 alu:
476 3433 519 3502 2]ss
537 3442 562 3488 et
579 3444 686 3488 sanctus
701 3454 726 3503 g.
744 3443 803 3503 post
820 3436 894 3487 illum
912 3444 1017 3488 secutus
1042 3434 1090 3504 est]
1114 3445 1220 3490 sanctus
1239 3439 1327 3504 itaque
1349 3455 1375 3505 g.
1398 3454 1457 3490 eum
1479 3441 1631 3504 prosecutus
1649 3433 1810 3500 (persecutus
1824 3432 1878 3498 GL)
1897 3440 1937 3485 est

279 3523 434 3587 uuuLPQ,
453 3529 608 3590 secutusque
627 3522 688 3589 (qne
705 3540 754 3574 om.
765 3521 805 3587 N)
824 3529 863 3575 est
880 3539 939 3574 eam
960 3522 1028 3587 (eum
1047 3523 1186 3588 estM⁸N)
1204 3533 1311 3577 sanctus
1329 3542 1354 3592 g.
1369 3524 1430 3575 MN
1494 3521 1511 3573 4
1529 3529 1555 3574 et
1572 3523 1609 3574 ibi
1626 3522 1654 3573 xl
1672 3522 1764 3574 diebus
1781 3529 1808 3572 et
1824 3522 1934 3588 quadra·

276 3612 351 3678 ginta
369 3609 536 3677 (totidemque
547 3608 703 3672 ODGLPQ)
723 3611 842 3662 noctibus
859 3606 962 3676 mansit]
980 3616 1006 3661 et
1024 3611 1061 3661 ibi
1078 3611 1106 3661 xl
1123 3611 1187 3662 (let
1204 3628 1229 3662 n.
1249 3627 1355 3663 manens
1367 3609 1429 3660 MN
1530 3605 1573 3672 516
1591 3615 1617 3660 et
1635 3624 1712 3674 super
1730 3615 1826 3675 petrmn
1845 3609 1936 3660 orabat

278 3705 304 3749 et
320 3698 362 3750 (lle
379 3705 509 3763 noctuque
528 3697 625 3763 (ibique
643 3697 684 3748 die
702 3713 734 3748 ac
751 3703 825 3748 nocte
840 3696 997 3761 CDGLPQ)
1017 3693 1113 3764 stabat]
1131 3714 1178 3764 pro
1196 3697 1251 3750 suis
1269 3697 1368 3750 delictis
1386 3713 1466 3764 supra
1483 3703 1580 3764 petram
1599 3694 1690 3747 orabat
1707 3696 1755 3748 iste
1773 3696 1937 3748 beatissimus

278 3787 319 3839 uir
337 3786 390 3838 dux
413 3785 475 3837 belli
497 3793 588 3837 contra
605 3801 716 3836 saxones
738 3801 792 3836 una
809 3801 872 3836 voce
895 3786 979 3837 t'actue
1001 3803 1053 3837 uon
1072 3784 1173 3850 (estN)
1196 3787 1317 3844 tubarum
1340 3787 1462 3852 clangore
1485 3785 1530 3837 sed
1552 3785 1585 3836 ad
1609 3783 1741 3834 dominum
1763 3783 1859 3835 orando
1877 3802 1937 3836 cum

278 3880 358 3924 cantu
376 3870 531 3938 psalmorum
550 3872 587 3935 (et
603 3873 651 3923 im.
664 3869 706 3935 N)
723 3872 829 3923 alleluia
851 3877 970 3938 totusque
994 3874 1122 3924 exercitus
1141 3870 1202 3938 (om,
1211 3872 1243 3922 N
1245 3871 1255 3938 )
1273 3873 1305 3924 ad
1323 3874 1400 3925 deum
1418 3871 1583 3924 uociferando
1603 3871 1690 3922 hostes
1708 3870 1735 3920 iu
1753 3872 1843 3938 fugam
1863 3873 1938 3940 (luga

277 3959 318 4024 N)
336 3977 420 4027 usque
438 3958 483 4026 (ad
500 3959 549 4012 ins.
562 3958 605 4024 N)
623 3976 694 4012 mare
711 3961 839 4012 conuertit
851 3959 913 4010 MN
926 3977 957 4012 ea
975 3960 1064 4012 Bsdce
1082 3960 1209 4012 chronicis
1303 3958 1318 4012 1
1336 3977 1419 4027 usque
1437 3961 1471 4012 ad
1489 3975 1573 4012 arcem
1592 3957 1766 4025 guorthigirni
1786 3974 1811 4023 q.
1830 3975 1852 4012 e.
1870 3959 1897 4011 in
1916 3977 1937 4011 r.

276 4049 301 4100 d.
320 4050 336 4099 i.
354 4048 380 4098 fl.
399 4043 472 4114 teibi]
490 4063 573 4112 neque
595 4046 628 4097 ad
645 4045 706 4107 (om.
721 4043 752 4110 Q)
770 4063 854 4098 arcem
877 4044 1023 4114 (gortigirni
1045 4048 1094 4100 ias.
1109 4046 1155 4112 0¹,
1178 4049 1323 4114 gurtigerni
1347 4049 1394 4099 irre.
1409 4045 1459 4111 Μ’)
1483 4063 1562 4114 quam
1584 4045 1769 4097 sedilicauerat
1794 4052 1820 4096 et
1844 4063 1937 4099 nomen

277 4151 354 4187 suum
370 4135 527 4200 imposuerat
545 4132 619 4194 (aaa.
638 4133 663 4183 id
681 4139 720 4184 est
737 4134 781 4184 din
799 4134 928 4200 guitigirn
942 4133 1045 4197 ΟΨ)
1058 4141 1137 4201 atque
1148 4135 1176 4185 in
1188 4134 1293 4202 regione
1306 4132 1388 4199 (nem
1403 4133 1435 4198 θ)
1449 4134 1607 4186 demetarum
1622 4131 1786 4198 (dimstorum
1798 4131 1862 4197 BG)
1876 4133 1892 4184 i.
1911 4135 1937 4187 a.

278 4222 341 4274 teibi
358 4220 492 4284 (theibiG)
505 4219 664 4284 0DOLPQ,
688 4237 770 4286 usqne
798 4220 831 4272 ad
851 4237 960 4287 regnum
981 4222 1139 4274 demetarum
1163 4219 1359 4281 (elementorum
1372 4219 1417 4286 Ν)
1441 4221 1488 4272 ubi
1510 4220 1658 4274 aedificabit
1679 4235 1765 4272 arcem
1788 4235 1835 4271 suo
1858 4222 1938 4271 norni-

278 4317 365 4361 natam
384 4305 545 4370 (nominatim
553 4307 595 4370 N)
614 4307 716 4358 nomine
734 4307 788 4358 cair
805 4308 973 4376 guorthegirrr
990 4309 1008 4360 i.
1027 4310 1053 4360 fl.
1065 4309 1118 4360 tebi
1130 4325 1146 4359 a
1157 4309 1220 4361 fatie
1232 4309 1315 4361 sancti
1328 4309 1443 4376 germani
1456 4307 1518 4358 ΜΝ
1581 4304 1615 4358 10
1631 4304 1765 4373 abscessit]
1784 4307 1894 4358 accessit
1906 4307 1937 4375 Q,

278 4395 384 4448 recessit
395 4393 458 4445 MN
522 4401 548 4446 et
566 4393 641 4446 solito
659 4394 715 4459 (sol.
734 4400 819 4446 autam
833 4394 990 4458 ODoLPQ)
1008 4413 1041 4446 m.
1061 4412 1082 4446 s.
1100 4413 1126 4462 g.
1144 4411 1203 4447 eum
1227 4400 1332 4447 secutus
1357 4391 1409 4460 ost]
1430 4401 1457 4446 et
1479 4411 1499 4445 s.
1519 4411 1552 4444 m.
1576 4410 1635 4444 eum
1658 4398 1764 4444 sanctus
1785 4389 1939 4446 subsecutus

278 4489 318 4534 est
331 4480 393 4531 ΜΝ
494 4479 525 4531 11
544 4481 646 4532 ieiunus
668 4496 728 4532 cum
750 4480 819 4532 omni
841 4478 919 4548 clero]
939 4481 980 4532 lei.
999 4498 1020 4533 a
1040 4499 1064 4533 o.
1082 4481 1150 4533 clero
1169 4498 1216 4533 suo
1236 4480 1275 4545 (c.
1294 4498 1317 4532 ο.
1336 4481 1368 4532 cl.
1387 4497 1407 4532 s.
1427 4481 1467 4532 lei.
1483 4480 1516 4543 Q)
1531 4477 1689 4542 ODGLPQ,
1707 4478 1749 4529 iei.
1767 4495 1790 4530 c.
1809 4495 1832 4529 o.
1851 4480 1939 4532 ordine

278 4568 430 4619 clericorum
448 4566 498 4618 sibi
515 4567 692 4619 adherentium
701 4565 764 4616 MN
881 4564 914 4618 13
931 4564 1080 4634 causaliter]
1099 4567 1232 4619 domiuum
1258 4568 1398 4635 deprecans
1411 4565 1472 4616 ΜΝ
1554 4572 1581 4617 at
1597 4565 1624 4616 in
1642 4571 1734 4629 quarta
1759 4564 1858 4631 (inqu.
1877 4582 1939 4618 uero

280 4653 437 4716 obacro)
456 4661 531 4706 nocte
548 4651 663 4720 (nanque
678 4652 710 4719 Q)
727 4670 774 4704 arx
792 4651 845 4719 (ers
859 4653 891 4717 Q)
909 4659 965 4706 tota
987 4655 1086 4706 merline
1103 4654 1171 4706 circa
1190 4650 1223 4718 (c.
1242 4671 1274 4704 m.
1290 4649 1448 4717 ODGLPQ)
1470 4670 1495 4704 n.
1513 4653 1539 4703 h.
1558 4668 1582 4718 p.
1601 4651 1618 4701 i.
1642 4651 1748 4702 missum
1766 4651 1797 4702 (le
1815 4652 1885 4704 caelo
1903 4651 1938 4715 (d.

278 4759 300 4794 c.
319 4759 352 4792 m.
365 4737 522 4804 ODGLPQ)
545 4757 578 4792 ex
600 4741 740 4807 improuiso
760 4738 814 4804 (su
831 4739 964 4804 ODGLP)
986 4742 1079 4794 cecidit
1100 4741 1205 4792 ardente
1223 4740 1325 4800 ludens
1337 4739 1368 4803 Q)
1393 4740 1410 4790 i.
1435 4733 1547 4804 caelesti]
1567 4738 1643 4789 tertia
1667 4743 1754 4788 autem
1772 4743 1846 4789 nocte
1864 4738 1939 4804 quasi

277 4830 341 4880 hors
358 4827 440 4879 noctis
458 4827 534 4879 tertis
553 4825 582 4890 (t.
600 4845 626 4878 n.
639 4823 733 4894 Μ·Ν)
759 4828 828 4894 ignis
852 4827 883 4879 de
909 4827 964 4879 celo
987 4829 1079 4880 cecidit
1097 4833 1123 4888 et
1140 4843 1187 4878 arx
1204 4832 1258 4878 tots
1275 4843 1308 4878 ex
1325 4825 1391 4894 inpr.
1411 4825 1466 4878 ard.
1489 4825 1549 4892 igne
1571 4821 1705 4890 (igniw)
1723 4823 1786 4876 cael.
1804 4825 1940 4878 combusta

278 4922 318 4968 est
330 4914 392 4965 ΜΝ
488 4911 562 4979 lull?
581 4921 607 4965 et
624 4930 650 4980 g.
669 4930 729 4965 cum
747 4930 814 4965 omn.
832 4915 954 4979 quicum
971 4931 1002 4966 eo
1020 4913 1079 4978 (om.
1090 4911 1125 4977 P)
1143 4919 1216 4965 erant
1235 4951 1282 4964 ...
1302 4910 1335 4964 18
1355 4909 1458 4977 defecit]
1478 4927 1527 4962 nec
1544 4927 1595 4962 non
1614 4927 1640 4977 g.
1658 4927 1718 4961 cnm
1736 4910 1790 4962 tilia
1806 4912 1940 4986 benegesti

279 5000 418 5070 (hinegesti
431 4999 475 5067 N)
494 5017 604 5068 cumque
622 4997 659 5063 (et
676 5016 735 5052 cnm
748 4999 788 5062 Ν)
807 5000 865 5051 aliis
882 5000 1007 5052 moribus
1024 5007 1051 5052 et
1067 4999 1126 5062 (orn.
1139 4999 1182 5065 N)
1201 4999 1302 5050 cunctis
1320 5015 1379 5051 cum
1403 5015 1433 5049 eo
1457 4997 1634 5048 habitantibus
1657 4996 1721 5048 uiris
1738 5013 1771 5048 ec
1788 4997 1940 5050 mulieribus

279 5089 460 5142 miserabiliter
477 5088 571 5140 deiecit
582 5086 644 5138 ΜΝ
745 5084 821 5149 18119
839 5087 882 5138 hic
900 5093 939 5138 est
957 5087 1015 5137 linis
1032 5085 1207 5152 guorthigirni
1225 5083 1418 5150 (guorthiniH,
1436 5083 1580 5150 uortegirni
1592 5083 1624 5148 Q)
1642 5089 1672 5134 nt
1690 5081 1770 5148 (sicut
1782 5082 1939 5148 ODoLPQ)

279 5177 306 5228 iu
330 5176 397 5227 libro
419 5175 445 5226 b.
473 5192 499 5242 g.
525 5171 633 5242 repperi]
661 5174 699 5226 sic
720 5174 858 5240 improuidi
884 5174 952 5239 regis
979 5172 1158 5240 guorthegirni
1184 5173 1261 5223 tinem
1284 5172 1393 5238 legendo
1417 5171 1512 5223 librum
1534 5172 1604 5223 uitae
1627 5187 1648 5222 s.
1666 5186 1693 5236 g.
1712 5172 1870 5238 repperimus
1882 5171 1944 5222 MN

278 5260 314 5314 20
330 5262 374 5314 alil
393 5299 440 5314 ...
460 5260 492 5312 21
512 5267 648 5329 postquam
665 5261 736 5312 exosi
756 5260 849 5325 (exorti
860 5258 930 5324 ΗΚ)
950 5256 1051 5312 ...22
1069 5275 1116 5327 pro
1133 5259 1237 5326 piaculo
1256 5275 1304 5310 suo
1317 5257 1377 5320 (cm.
1392 5254 1424 5323 Q)
1509 5255 1592 5322 1921
1611 5264 1638 5309 et
1649 5252 1781 5325 magnum]
1795 5257 1839 5308 alii
1853 5265 1940 5310 autem

280 5351 413 5417 protorum
430 5349 498 5414 quod
516 5349 560 5401 ille
578 5364 673 5400 exosus
690 5348 759 5400 omrri
778 5346 873 5414 populo
892 5347 1056 5413 bryttannico
1075 5351 1178 5414 propter
1194 5345 1384 5414 susceptionem
1405 5345 1493 5412 populi
1511 5345 1628 5396 manici
1646 5345 1723 5409 idque
1742 5345 1827 5396 scelus
1840 5341 1940 5408 (escun-

279 5436 328 5487 dus
340 5435 383 5502 N)
402 5436 544 5488 maioribus
565 5453 625 5487 cum
648 5435 718 5486 omni
739 5433 828 5486 ordine
852 5433 926 5499 uulgi
950 5437 1092 5498 sanctoque
1119 5428 1271 5494 lunctoN)
1295 5447 1419 5498 germano
1441 5437 1468 5482 et
1489 5431 1609 5482 omnibus
1631 5429 1730 5482 clericis
1753 5429 1839 5494 (cleris
1848 5429 1890 5495 Ν)
1913 5432 1940 5482 iu

281 5528 420 5594 conspectu
438 5523 535 5576 domiui
553 5521 737 5576 accusantibus
755 5537 785 5572 ac
803 5518 957 5574 deflentibus
975 5517 1017 5584 (ac
1035 5517 1092 5572 deu.
1114 5533 1162 5568 ora.
1175 5515 1218 5580 N)
1231 5513 1293 5566 MN
