4554 6316
394 387 457 453 322
1155 375 1275 436 55515

414 561 476 622 595
494 577 591 622 nemo
621 558 682 622 soit
710 577 817 644 neque
844 556 952 641 angeli
981 556 1144 621 saelorum
1174 557 1234 620 uisi
1261 561 1357 641 pater
1382 556 1479 621 solus.
1531 555 1648 642 Neque
1679 559 1764 625 enim
1792 565 1946 635 ullatinus
1969 581 2050 639 sunt

495 660 657 742 audiendi,
681 661 736 747 qni
758 661 960 747 suspieentur
981 659 1074 724 huius
1097 659 1218 724 saeouli
1241 664 1359 724 statum
1382 680 1442 722 sex
1458 659 1580 726 milium
1595 681 1751 729 annorum
1767 666 1809 731 ab
1826 670 1916 737 151515
1943 675 2048 742 fuisse

497 764 674 847 definitum,
698 772 732 830 et
753 784 795 829 55
819 770 930 828 eontra
953 764 1147 828 sententiam
1170 763 1291 828 domini
1305 764 1416 827 venire
1433 762 1612 846 rideantur,
1629 765 1763 852 addunt,
1780 772 1936 842 incertum
1955 801 2047 846 mor-

497 869 614 935 talibus
638 875 736 957 quoto
761 889 844 934 5555
869 875 983 934 sextae
1006 868 1227 932 millaenariae
1251 868 1351 953 partis
1367 873 1521 933 venturus
1538 870 1579 933 sit
1594 869 1664 935 dies
1680 871 1802 940 iudIoii:
1827 881 1916 944 euius
1932 891 2047 950 tamen

458 999 470 1037 s
497 972 656 1038 adrentus
688 974 852 1038 maximae
880 974 965 1038 eirea
992 973 1164 1038 terminum
1194 973 1279 1036 sexti
1309 972 1478 1037 millenarii
1509 972 1630 1038 debeat
1657 981 1789 1062 sperari.
1835 986 1994 1070 aquibus
2019 991 2047 1053 si

497 1079 621 1164 queris,
648 1077 704 1144 ubi
736 1078 819 1142 haee
848 1076 992 1164 putanda
1015 1078 1068 1141 551
1096 1075 1259 1141 55555555
1288 1076 1443 1161 legerint,
1475 1096 1553 1140 mox
1585 1082 1833 1171 stomachantes,
1857 1091 1932 1174 quia
1954 1094 2047 1158 aliud

497 1182 575 1269 quid
595 1182 794 1270 respondere
816 1203 881 1248 non
903 1181 1040 1247 habent:
1069 1201 1175 1246 annon
1196 1181 1322 1266 legisti,
1345 1181 1507 1266 inquiunt,
1530 1182 1563 1246 in
1593 1187 1723 1268 genesi,
1747 1191 1822 1274 quia
1844 1214 1904 1258 sex
1927 1183 2046 1263 diebus

416 1290 478 1353 596
496 1287 651 1353 mundum
680 1287 793 1352 1555515
822 1286 921 1352 deust
965 1285 1061 1351 Unde
1092 1285 1207 1349 merito
1243 1282 1331 1348 credi
1366 1283 1466 1348 55555
1496 1288 1670 1372 sumplus
1700 1292 1804 1358 minus
1832 1316 1891 1361 sex
1913 1301 2046 1368 milibus

498 1411 653 1456 annorum
676 1411 748 1456 esse
772 1398 938 1456 staturum.
985 1395 1018 1454 et
1041 1388 1128 1476 quod
1152 1394 1202 1453 est
1224 1389 1369 1474 gravius,
1393 1389 1483 1454 fuere
1507 1391 1561 1476 qui
1584 1399 1718 1479 propter
1745 1399 1919 1484 septimum
1942 1403 2043 1492 diem,

496 1496 530 1560 iu
553 1517 616 1583 quo
640 1497 799 1582 requievit
822 1495 902 1560 deus
925 1495 966 1559 ab
991 1493 1143 1581 operibus
1166 1494 1242 1576 5515,
1266 1499 1435 1579 sperarent
1457 1501 1531 1580 post
1553 1515 1613 1560 sex
1636 1519 1792 1565 annorum
1808 1505 1896 1570 milia
1913 1516 2044 1575 saneto-

499 1621 570 1664 rum
592 1600 712 1666 laboris
734 1601 769 1665 in
790 1601 852 1665 555
873 1600 942 1666 5155
962 1598 1090 1663 mortali
1113 1598 1251 1684 septimo
1274 1597 1363 1662 mille
1394 1618 1549 1664 annorum
1579 1603 1734 1668 curriculo
1759 1626 1816 1671 eos
1838 1616 1913 1695 5555
1935 1633 2047 1678 resur-

458 1729 470 1767 5
500 1704 677 1769 5555155555
698 1705 733 1768 15
755 1705 816 1768 555
837 1704 909 1790 1555
930 1705 997 1769 5155
1019 1703 1206 1768 1555555155
1234 1702 1267 1765 15
1295 1701 1409 1766 diliciis
1439 1707 1472 1766 et
1499 1703 1601 1768 multa
1629 1704 1829 1776 beatitudine
1852 1723 2047 1801 regnaturos

500 1827 570 1882 5555
595 1830 667 1874 eum
683 1807 820 1874 (1551555.
858 1829 969 1874 verum
992 1809 1052 1892 515,
1075 1808 1151 1894 quia
1172 1806 1317 1872 55555155
1339 1813 1413 1871 sunt
1435 1812 1469 1871 et
1490 1807 1614 1891 1515515,
1638 1810 1779 1878 funditus
1802 1820 1926 1884 omissis
1949 1823 2047 1888 intel-

499 1912 646 1998 legamus
679 1913 803 1978 sineere
833 1919 866 1978 et
900 1912 1077 1978 eatholioae
1104 1931 1164 1976 sex
1192 1911 1265 1976 illos
1296 1908 1380 1993 dies,
1411 1911 1444 1974 in
1475 1912 1591 1996 quibus
1624 1916 1734 1981 mundi
1767 1918 1862 1986 buius
1896 1933 2047 1992 ornatum

498 2016 635 2103 perleeit
662 2015 757 2100 deus,
789 2023 823 2081 et
854 2018 1042 2103 septimum,
1074 2015 1106 2080 in
1137 2035 1200 2102 quo
1229 2014 1271 2079 ab
1299 2015 1386 2080 omni
1416 2035 1516 2101 opere
1540 2037 1597 2081 555
1620 2021 1794 2106 requievit,
1825 2047 1921 2112 quem
1944 2029 1986 2094 ob
2013 2031 2048 2096 id

498 2127 678 2208 perpetuae
705 2121 822 2207 quietis
853 2120 1079 2186 benedietione
1109 2119 1334 2202 5555555555,
1365 2139 1430 2182 555
1452 2139 1511 2184 555
1534 2141 1690 2187 annorum
1719 2126 1807 2191 milia
1829 2131 1929 2196 seouli
1951 2133 2046 2198 labo-

448 2250 472 2289 ro
499 2227 599 2291 rantis
628 2233 661 2292 et
689 2227 862 2313 septimum
889 2227 982 2313 regni
1004 2227 1173 2290 beatorum
1199 2225 1233 2289 in
1256 2229 1343 2289 terra
1366 2245 1438 2288 eum
1462 2224 1604 2308 Christo,
1627 2227 1686 2291 555
1708 2249 1769 2293 sex
1790 2234 1897 2317 potius
1920 2243 2048 2302 aetates

499 2331 679 2416 significare
708 2330 820 2396 mundi
846 2330 1001 2412 labentis,
1032 2331 1065 2394 in
1094 2328 1210 2416 quibus
1233 2329 1334 2393 saneti
1356 2327 1506 2394 15555555
1533 2330 1566 2394 15
1596 2330 1825 2421 5555155555
1850 2335 1988 2423 Christo,
2014 2348 2050 2406 et

500 2435 671 2521 septimam
703 2440 882 2523 perpetuae
914 2435 1030 2520 quietis
1061 2435 1094 2498 in
1127 2434 1191 2498 alie
1218 2433 1285 2498 5155
1313 2453 1409 2519 quam
1437 2434 1563 2499 solutae
1593 2455 1614 2498 5
1643 2438 1830 2523 5555551555
1863 2445 2049 2531 percipiunt
2110 2463 2113 2468 Î‡

419 2539 481 2602 597
501 2539 628 2603 animae
657 2545 789 2604 sanotae
819 2537 1052 2603 5550551555.
1106 2536 1203 2612 Quod
1236 2536 1413 2600 animarum
1447 2536 1619 2602 sabbatum
1652 2545 1728 2604 5555
1760 2543 1928 2612 ineboasse
1956 2555 2049 2614 reete

502 2641 652 2726 ereditur,
677 2664 749 2708 eum
772 2644 894 2730 primus
915 2639 1033 2707 Christi
1055 2647 1176 2728 martyr
1199 2661 1294 2705 earne
1316 2641 1440 2706 oeeisua
1462 2662 1482 2704 a
1504 2641 1614 2725 fratre,
1637 2663 1715 2708 mox
1738 2648 1845 2713 anima
1868 2659 1918 2715 est
1940 2659 2049 2719 aeter-

500 2767 575 2810 nam
598 2747 770 2812 translatus
797 2748 830 2812 in
857 2747 1013 2834 requiem.
1064 2752 1141 2811 tune
1175 2751 1285 2810 autem
1317 2745 1518 2831 5555515555,
1549 2769 1622 2812 oum
1654 2749 1687 2813 15
1722 2749 1775 2815 515
1804 2756 2049 2821 resurrectionis

501 2851 627 2916 animae
662 2851 761 2916 etiam
793 2871 929 2938 eorpora
962 2851 1145 2936 inoorrupta
1179 2849 1371 2936 5555555155.
1430 2854 1464 2914 55
1498 2850 1573 2935 qnia
1607 2852 1695 2915 55115
1728 2860 1873 2920 aetatum
1903 2860 2047 2947 quinque

464 2977 476 3016 5
504 2955 749 3039 praeteritarum
775 2956 862 3020 mille
884 2955 975 3019 55515
997 2961 1070 3019 aeta
1092 2955 1284 3041 repperitur,
1307 2953 1472 3018 55551155
1495 2954 1605 3039 515555
1628 2976 1745 3041 annos,
1769 2960 1852 3025 aliae
1876 2962 2049 3047 paueiores

502 3056 657 3144 habuere,
680 3079 786 3146 neque
809 3059 876 3124 ulla
898 3059 992 3124 alteri
1014 3059 1151 3124 similem
1173 3059 1287 3124 habuit
1308 3077 1466 3122 summam
1488 3078 1656 3142 annorum,
1678 3068 1780 3126 restat
1801 3068 1838 3127 55
1860 3066 2046 3151 parimodo

502 3160 584 3228 5555
614 3185 757 3251 quoque,
792 3185 876 3251 quae
909 3185 993 3229 5555
1020 3165 1140 3250 agitur,
1174 3164 1331 3228 insertum
1363 3160 1552 3227 mortalibus
1583 3162 1703 3228 babeat
1732 3187 1809 3232 suae
1839 3169 2049 3255 longitudinis

503 3272 640 3351 statum,
672 3270 733 3334 soli
764 3275 874 3334 autem
903 3268 949 3333 illi
983 3267 1161 3353 eognitum,
1195 3267 1250 3352 qui
1277 3287 1388 3331 servos
1416 3286 1490 3332 suos
1526 3267 1677 3332 aooinotis
1706 3269 1823 3335 lumbis
1844 3273 2048 3362 lucernisque

503 3370 690 3439 ardentibus
716 3373 850 3458 vigilare
880 3371 1064 3458 praecepit,
1094 3371 1215 3435 similes
1243 3369 1425 3434 hominibus
1454 3371 1717 3456 exspectantibus
1748 3372 1913 3442 dominum
1944 3399 2049 3462 suum,

452 3501 476 3542 5
505 3475 633 3562 quando
657 3481 839 3541 revertatur
861 3497 881 3541 a
902 3475 1031 3561 nuptiis.

423 3649 486 3714 598
680 3648 835 3714 LXVIII.
862 3647 915 3714 De
937 3649 1020 3714 trina
1044 3647 1228 3735 opinatione
1250 3645 1403 3728 fidelium,
1427 3646 1555 3732 quando
1578 3649 1687 3713 veniat
1709 3648 1867 3717 dominus.

505 3772 604 3840 Cuius
626 3774 757 3862 quidem
780 3774 938 3840 adventus
966 3774 1079 3839 horam
1111 3773 1225 3838 merito
1252 3773 1354 3837 555551
1382 3793 1493 3837 omnes
1522 3772 1659 3860 diligunt
1681 3781 1714 3840 et
1737 3777 1829 3842 eitius
1852 3776 1967 3843 adesse
1991 3776 2050 3843 de-

503 3876 660 3945 siderant:
689 3879 748 3944 sed
774 3881 954 3967 5551551555
982 3879 1060 3944 55515
1089 3884 1207 3963 agunt,
1238 3878 1264 3941 51
1295 3878 1349 3964 qui
1370 3878 1454 3943 5555
1475 3899 1578 3965 prope
1608 3901 1649 3943 an
1672 3880 1770 3966 longe
1794 3882 1835 3946 sit
1857 3889 1972 3968 putare
1996 3885 2051 3948 vel

504 3982 693 4069 praedieare
722 3989 940 4072 praesumunt.
989 3982 1075 4047 unde
1104 3982 1319 4070 pulcherrime
1348 3981 1464 4047 beatus
1494 3984 1692 4068 Augustinus
1723 3992 1847 4049 remoto
1877 3987 1932 4050 illo
1956 4006 2050 4051 servo

469 4111 480 4149 5
508 4107 666 4174 nequam,
689 4090 744 4174 qui
774 4088 851 4154 dieit
877 4090 910 4153 in
939 4087 1034 4154 eorde
1058 4109 1130 4152 suo:
1158 4107 1281 4151 moram
1304 4087 1380 4151 15515
1404 4086 1550 4153 dominus
1574 4108 1664 4153 meus
1688 4089 1812 4154 uenire:
1845 4091 1905 4154 iste
1930 4091 2050 4177 quippe

504 4192 616 4278 prooul
645 4192 743 4259 dubio
772 4194 893 4259 domini
920 4194 969 4258 sui
1000 4191 1280 4272 5511555555555,
1308 4191 1365 4257 555
1392 4191 1579 4279 exemplum
1610 4190 1651 4258 de
1674 4193 1776 4258 tribus
1799 4195 1899 4258 555515
1922 4195 2052 4280 optimis

503 4295 678 4363 adventum
708 4296 828 4362 domini
855 4299 904 4362 sui
931 4298 1078 4362 sitienter
1107 4295 1383 4379 desiderantibus,
1407 4295 1579 4381 vigilanter
1602 4297 1885 4382 exspectantibus,
1909 4296 2051 4362 fideliter

505 4401 698 4486 amantibus,
722 4423 857 4488 quorum
878 4423 961 4467 unus
983 4400 1074 4467 dieit:
1106 4401 1276 4487 vigilemus
1306 4405 1339 4465 et
1362 4420 1505 4484 oremus,
1529 4401 1605 4486 quia
1626 4401 1720 4466 eitius
1742 4407 1895 4466 venturus
1919 4406 1968 4466 est
1991 4400 2050 4466 do-

504 4506 619 4572 minus.
664 4505 746 4572 alter
773 4505 864 4571 dieit:
899 4507 1069 4592 vigilemus
1099 4511 1132 4570 et
1163 4525 1308 4588 oremus,
1342 4503 1416 4589 quia
1449 4503 1557 4569 555515
1591 4509 1625 4568 55
1657 4503 1780 4570 ineerta
1814 4510 1864 4569 est
1885 4505 1948 4569 ista
1971 4504 2049 4586 vita,

452 4635 478 4675 ro
507 4611 652 4696 quamvis
675 4610 797 4676 tardius
822 4616 976 4675 55555555
998 4611 1040 4675 515
1062 4609 1218 4675 dominus.
1264 4609 1377 4673 tertius
1400 4607 1489 4672 dieit:
1508 4609 1677 4693 vigilemus
1701 4615 1734 4673 et
1757 4628 1895 4692 oremus,
1919 4609 1994 4695 quia
2018 4615 2052 4672 55

504 4713 612 4780 555515
641 4721 739 4800 atque
767 4715 891 4780 ineerta
920 4723 969 4780 est
996 4716 1058 4780 ista
1087 4715 1154 4779 5155
1185 4719 1218 4778 55
1244 4714 1403 4778 neseimns
1426 4719 1569 4799 tempus,
1598 4712 1727 4799 quando
1751 4719 1904 4778 venturus
1927 4714 1968 4777 sit
1990 4711 2049 4778 do-

504 4819 618 4884 minus.
662 4818 796 4906 proinde
826 4819 853 4882 51
882 4818 944 4883 555
971 4818 1091 4883 laetum
1119 4817 1216 4882 fuerit
1243 4815 1330 4903 quod
1358 4815 1565 4902 praedixerat
1592 4817 1730 4903 primus,
1760 4816 1950 4902 gaudebunt
1978 4839 2052 4882 oum

424 4922 559 4987 599155
582 4922 741 4988 secundus
765 4930 799 4987 55
820 4923 943 4987 tertius.
989 4920 1024 4987 si
1046 4928 1155 4987 autem
1178 4921 1298 4986 laetum
1320 4921 1514 5003 55515555,
1538 4919 1748 4986 metuendum
1771 4929 1830 5003 est,
1854 4942 1896 4986 55
1919 4927 2047 5009 pertur-

506 5026 633 5104 bentur,
657 5028 712 5114 qui
733 5027 780 5092 illi
803 5025 1009 5092 crediderant
1031 5031 1065 5091 et
1086 5026 1240 5114 ineipiant
1262 5024 1436 5090 adrentum
1459 5024 1578 5090 domini
1600 5046 1666 5090 555
1688 5025 1815 5091 tardum
1838 5030 1967 5111 putare,
1990 5026 2050 5092 555

505 5183 586 5237 FHO
1977 5220 1980 5234 .

504 5287 587 5354 5955
603 5291 779 5357 emolpiantur
790 5289 820 5340 F'
885 5301 896 5339 5
914 5286 986 5356 qnia]
1005 5304 1084 5354 quam
1096 5286 1147 5352 Î™Î,
1165 5287 1233 5354 quod
1244 5284 1277 5337 Î—
1375 5283 1456 5349 5951
1473 5284 1575 5338 labores
1587 5283 1616 5335 F
1681 5297 1693 5336 5
1710 5284 1802 5336 51115115
1820 5283 1898 5348 FOâ¸â€š
1925 5284 2013 5336 dilitiis
2025 5283 2060 5340 H

402 5393 415 5432 5
432 5376 503 5446 5515]
521 5377 575 5440 OF,
593 5376 704 5445 quodH
777 5391 789 5429 5
807 5374 921 5444 55515515]
939 5377 1000 5429 15515
1011 5376 1044 5426 H
1045 5383 1059 5414 â¶
1145 5387 1158 5426 5
1176 5373 1352 5426 benedictione
1371 5411 1419 5424 ...
1437 5383 1462 5424 55
1478 5371 1572 5438 quietis
1590 5388 1639 5422 om.
1651 5370 1685 5420 H
1689 5371 1697 5402 Â¹
1786 5384 1809 5422 5
1828 5367 1892 5436 nita]
1911 5370 2017 5422 uiuitate
2029 5369 2058 5421 F

402 5477 427 5518 55
450 5466 535 5518 551555
557 5464 773 5533 corporalibusF
873 5461 954 5528 5955
975 5462 1103 5514 55551515
1113 5459 1162 5511 HÎ‡
1245 5468 1429 5527 sraeepsrunt
1446 5459 1474 5510 F
1481 5460 1489 5490 Â¹
1567 5454 1639 5524 quia]
1663 5473 1742 5524 quam
1755 5456 1796 5509 FÂ¹
1876 5455 2060 5509 5551555511

436 5552 569 5605 lumbibus
580 5550 610 5602 F
721 5547 801 5616 b98,1
821 5550 887 5602 lxuii
899 5546 932 5599 Î—
932 5548 965 5601 0Â¹
1036 5549 1067 5601 55
1085 5549 1153 5600 trina
1170 5547 1318 5616 opinatione
1337 5545 1469 5614 (opinione
1484 5546 1515 5612 0)
1536 5583 1581 5598 ...
1600 5545 1719 5596 dominus
1736 5561 1784 5596 ona
1799 5543 1832 5594 Î—
1834 5543 1843 5576 Â¹
1925 5556 1937 5596 5
1955 5544 2018 5595 hora
2029 5541 2059 5594 F

402 5639 492 5692 55555
508 5638 537 5690 11
545 5637 555 5671 Â¹
641 5634 734 5704 seruis]
757 5636 884 5705 puerisF
967 5647 979 5686 s
999 5635 1040 5687 sni
1063 5632 1188 5703 sitienter]
1211 5633 1362 5688 5515555511á¼¹
1445 5647 1470 5686 u
1493 5634 1544 5685 ista
1567 5630 1673 5685 55511Î¹
1795 5628 2056 5698 5955115551]Î¹

436 5725 582 5795 1551515511á¿›
