4554 6316
947 371 1142 429 ennomus.
1801 376 1862 438 327

317 566 413 632 possa
436 546 592 632 intellegi,
618 547 693 633 quia
716 553 750 612 et
773 545 921 612 dominus
945 554 1060 612 octava
1084 545 1147 628 die,
1170 545 1204 611 id
1227 553 1293 629 est,
1318 553 1392 632 post
1414 547 1583 632 septimam
1607 545 1734 612 sabbati
1756 566 1861 611 resur-

235 653 298 714 615
317 652 403 716 rexit
425 671 445 715 a
467 651 610 718 mortuis.
656 649 699 715 llt
721 672 780 716 nos
802 673 866 716 non
889 652 990 716 solnm
1014 657 1088 737 post
1111 657 1236 737 septem
1260 651 1419 716 volubiles
1441 651 1535 716 huius
1558 649 1680 716 saeculi
1703 649 1781 733 dias,
1805 649 1864 716 sed

318 756 416 820 etium
440 764 514 843 post
536 775 636 842 sepas
659 761 855 821 memoratos
877 762 1004 842 septem
1027 760 1153 820 aetates
1175 756 1207 819 in
1224 761 1462 819 ootevaaetate
1479 755 1622 820 simulet
1644 754 1697 820 die
1713 775 1862 840 resurge-

317 879 399 924 mus.
445 880 528 946 quae
552 860 638 924 vitae
664 859 733 924 dies
755 861 787 924 in
811 881 846 925 sc
863 859 993 947 quidem
1008 859 1078 947 ipsa
1093 860 1211 924 mansit
1226 879 1365 945 semper,
1380 865 1491 924 monet
1512 866 1545 924 et
1559 857 1704 924 manebit
1719 866 1863 941 aeterna,

316 961 374 1028 sed
402 963 494 1028 nobis
517 970 593 1029 tunc
614 965 755 1051 incipiet,
779 985 851 1029 cum
874 963 916 1029 ad
939 985 1012 1029 eam
1035 962 1208 1028 videndam
1230 964 1442 1028 meruerimus
1463 964 1600 1044 intrare,
1624 962 1679 1028 ubi
1702 985 1765 1050 quo
1788 969 1863 1028 actu

198 1085 200 1088 ·
275 1091 287 1131 s
315 1074 510 1154 occupentur
545 1070 660 1151 saneti,
697 1070 844 1155 perlecta
882 1070 1010 1155 spiritus
1050 1074 1083 1134 et
1121 1069 1225 1133 carnis
1258 1069 1488 1133 inmortalitate
1522 1067 1684 1142 renouati,
1720 1072 1858 1132 testatur

315 1173 496 1257 psalmista,
520 1175 574 1259 qni
596 1172 658 1238 deo
680 1193 740 1260 per
766 1172 897 1240 laudern
926 1173 1044 1238 amoris
1078 1174 1176 1237 canit:
1212 1172 1301 1238 beati
1334 1173 1387 1258 qui
1417 1172 1564 1238 habitant
1597 1173 1630 1237 in
1667 1171 1763 1237 domo
1796 1178 1861 1253 tua,

318 1277 350 1340 in
381 1277 545 1341 saeculum
576 1278 697 1343 saeculi
720 1276 898 1342 laudabunt
920 1285 963 1344 te.
1007 1298 1070 1364 qno
1094 1278 1164 1342 visu
1188 1276 1404 1357 delectentur,
1428 1277 1515 1342 idem
1544 1283 1780 1363 consequenter
1803 1297 1861 1342 ex-

315 1381 419 1467 ponit:
450 1381 570 1446 etenim
596 1380 855 1447 benedictionem
886 1381 992 1462 dobit,
1026 1382 1080 1468 qui
1108 1382 1216 1467 legem
1248 1380 1355 1463 dedit,
1385 1380 1598 1446 ambulabunt
1625 1380 1666 1446 de
1690 1382 1806 1446 virtute
1829 1381 1862 1445 in

318 1487 480 1568 virtutem,
504 1484 665 1551 videbitur
688 1485 768 1551 deus
791 1485 924 1551 deorum
947 1487 979 1550 in
1003 1485 1091 1551 Sion.
1137 1485 1250 1572 quales
1274 1485 1315 1550 sd
1335 1486 1418 1551 hano
1434 1486 1544 1550 venire
1560 1486 1693 1572 possint,
1715 1485 1784 1570 ipse
1808 1484 1862 1569 qui

263 1615 288 1654 ro
316 1597 365 1655 est
387 1591 449 1670 vic,
472 1591 592 1655 veritas
615 1597 648 1656 et
670 1591 746 1670 vita,
770 1596 907 1654 testatur
929 1588 1092 1655 dominus:
1115 1589 1346 1656 beatimundo
1370 1590 1483 1672 corde,
1508 1591 1660 1676 quoniam
1680 1589 1742 1675 ipsi
1765 1586 1861 1652 deum

316 1692 482 1759 videbunt.
528 1715 607 1780 ergo
629 1701 740 1759 noster
761 1694 890 1759 libellus
914 1693 954 1760 de
977 1694 1109 1760 volubili
1131 1715 1170 1759 ac
1193 1695 1365 1780 fluctivago
1389 1701 1571 1780 temporum
1601 1694 1695 1778 lapsu
1718 1691 1861 1778 descrip-

318 1804 369 1862 tus
398 1805 591 1885 oportunum
621 1798 662 1863 de
692 1804 826 1863 aeterna
853 1798 1030 1864 stabilitate
1062 1820 1100 1863 ac
1123 1799 1230 1864 stabili
1254 1799 1447 1864 eetemitate
1470 1799 1591 1864 hebeat
1613 1797 1719 1862 finem.
1765 1816 1860 1882 quem

316 1924 396 1988 rogo
424 1903 449 1967 si
480 1903 534 1988 qui
564 1903 701 1968 lectione
726 1902 856 1989 dignum
879 1904 942 1968 rati
964 1903 1098 1983 brerint,
1122 1925 1175 1968 me
1198 1905 1263 1969 suis
1289 1905 1322 1968 in
1351 1903 1521 1990 praecibus
1549 1904 1678 1969 domino
1709 1921 1861 1968 conmen-

318 2007 397 2072 dent
424 2008 542 2094 piaque
571 2005 658 2093 spnd
687 2006 784 2072 deum
812 2013 845 2072 et
867 2008 1050 2093 proximos,
1074 2013 1228 2093 quantum
1250 2008 1377 2089 valent,
1411 2014 1510 2093 egent
1536 2007 1707 2088 industria,
1730 2013 1766 2070 ut
1787 2009 1862 2092 post

264 2137 289 2176 re
319 2111 515 2198 temporales
538 2111 726 2175 caelestium
755 2111 916 2176 actionum
945 2110 1080 2177 sudores
1108 2117 1274 2177 aeternum
1305 2112 1411 2176 cuncti
1434 2111 1621 2176 caelestium
1644 2109 1861 2197 praemiorum

319 2235 502 2280 mereamur
526 2215 674 2300 accipere
696 2215 848 2301 palmam.

214 2341 337 2348 ..μ-...-

315 2406 395 2459 FHO

315 2524 374 2591 614,
387 2538 412 2578 rt
430 2543 503 2594 posse
521 2543 569 2578 om.
582 2525 610 2576 F
676 2526 812 2593 septimum
825 2525 855 2576 Η
972 2523 1241 2589 615,1nolubilisH
1313 2537 1394 2591 sque
1411 2523 1483 2593 actu]
1501 2532 1592 2578 coactu
1605 2525 1633 2576 F
1710 2521 1796 2591 atus]
1815 2531 1861 2576 tua

212 2615 350 2667 dominat)
419 2612 654 2666 sambulrbsntO
723 2609 796 2678 ssd]
816 2611 883 2664 etH
939 2611 1065 2678 possitH
1136 2623 1160 2662 ιο
1178 2609 1282 2678 ueritas]
1301 2618 1328 2663 et
1344 2627 1397 2664 ner.
1411 2610 1440 2662 F
1507 2624 1530 2664 ιι
1548 2610 1658 2679 cpoli·
1728 2622 1752 2661 rs
1769 2609 1866 2677 quiaF

212 2713 237 2754 rt
255 2701 307 2753 ind.
326 2718 368 2768 ag.
382 2700 414 2750 H
418 2702 428 2732 ²
499 2712 522 2751 ro
542 2697 702 2766 caelestium]
721 2717 769 2752 om.
787 2716 825 2766 ap.
842 2717 896 2752 one.
915 2698 1004 2752 relicto
1021 2707 1049 2750 ut
1066 2698 1116 2751 oid.
1131 2697 1184 2760 3¹,
1202 2699 1359 2752 musculum
1371 2697 1416 2749 11¹
1730 2703 1733 2712 ’

314 5761 442 5799 unomen
460 5761 495 5800 lll.
