4538 6316
970 333 1252 390 ADDITAMIIN'I'A.

432 515 466 565 aa
484 514 567 565 susm
586 529 669 580 usque
687 529 704 564 a
721 511 781 579 (a.)
799 512 927 564 unacum
944 512 1007 564 anni
1024 495 1203 563 irnccxnn.

431 600 465 650 se
482 597 542 665 (a.)
559 601 658 653 navia
675 616 760 666 usque
776 601 809 650 au
827 599 960 651 sannam
977 599 1041 652 anni
1055 584 1183 649 icum.

430 687 464 738 ab
482 686 613 738 Abraham
636 701 699 737 vero
720 702 804 752 usqne
828 701 880 750 qno
902 685 1003 736 exirem
1025 685 1057 736 de
1081 686 1184 751 Egypto
1203 683 1332 735 educente
1350 697 1395 734 eos
1413 681 1510 747 Moysi,
1536 681 1640 746 quaudo
1658 687 1685 732 et
1702 681 1798 747 pascha
1815 683 1940 744 lecerunt,

536 773 600 826 anni
617 780 680 825 snut
697 772 867 824 CCCCXXX.

430 860 463 910 ab
481 860 564 912 exodo
582 860 679 927 Egypti
696 875 780 926 usque
797 859 825 910 in
842 858 980 910 hauritum
999 855 1123 922 Iordanis,
1142 855 1250 923 quando
1268 857 1343 907 lesns
1360 855 1459 922 pascha
1475 854 1639 916 caelebravit,
1658 860 1720 905 sunt
1737 855 1800 906 enni
1817 853 1886 904 XLI.

430 947 538 998 Faehias
555 954 617 1014 post
633 962 715 999 anuos
733 946 918 998 CCCCLXIIII
935 944 1092 996 caelebravit
1109 943 1216 1011 pascha.

432 1043 490 1100 poet
507 1035 630 1086 Eaehiam
648 1034 728 1085 Iosias
745 1049 815 1084 anuo
832 1032 971 1084 centesimo
989 1033 1080 1082 XIIIl⁰
1098 1031 1196 1098 pascha
1215 1029 1366 1081 celebravit.

433 1127 491 1188 poet
505 1121 600 1172 loriam
618 1120 713 1173 Esdraa
729 1126 789 1187 post
805 1135 889 1171 anuos
908 1118 993 1170 CVIII
1012 1118 1108 1185 pascha
1126 1115 1291 1169 caelebravit.

432 1215 490 1274 post
507 1207 614 1259 Fsdram
632 1213 720 1259 servat
737 1213 825 1258 autem
842 1205 1023 1274 generationes
1042 1205 1137 1256 Christi
1155 1211 1213 1272 post
1230 1220 1313 1256 annos
1332 1203 1441 1254 DLVIII
1460 1203 1557 1270 pascha
1574 1203 1611 1254 fit.

431 1312 446 1346 a
464 1295 632 1361 generatione
649 1301 737 1348 antem
749 1294 843 1347 Christi
861 1300 921 1360 post
933 1293 1008 1343 XXX
1027 1307 1117 1357 annos,
1136 1308 1197 1344 cum
1215 1305 1306 1357 passus
1326 1295 1366 1342 est
1383 1289 1513 1352 domiuus,
1532 1289 1630 1356 pascha
1641 1289 1799 1341 celebratum
1817 1295 1868 1348 est;
1887 1288 1941 1354 ipse

533 1382 602 1434 enlm
620 1389 675 1434 erat
695 1383 792 1434 iustum
810 1381 914 1448 pascha

431 1483 449 1518 a
466 1468 610 1534 passionem
627 1476 714 1520 autem
731 1467 829 1520 domini
847 1483 931 1534 usque
949 1467 976 1518 in
994 1467 1057 1517 XIII
1076 1482 1174 1517 annum
1192 1465 1294 1534 imperii
1309 1464 1451 1516 Alexandri
1462 1463 1565 1516 Cesarie
1583 1463 1646 1514 anni
1658 1463 1737 1514 CCVI
1755 1467 1886 1514 servatum
1904 1469 1943 1513 eat

533 1554 631 1620 paseha
647 1555 717 1620 quod
735 1555 763 1604 in
779 1552 1048 1606 commemorationem
1066 1551 1163 1603 domini
1181 1552 1263 1604 nostri
1282 1553 1343 1602 Iesu
1365 1551 1461 1602 Christi
1479 1557 1598 1602 servatur
1615 1547 1719 1614 autsic)
1736 1549 1820 1601 uobis.

431 1640 499 1691 finnt
516 1641 596 1706 igitur
613 1656 702 1692 omnes
719 1641 782 1692 anni
800 1641 835 1692 ab
852 1640 937 1691 Adam
955 1655 1037 1705 nsque
1055 1638 1082 1689 in
1101 1639 1172 1690 hunc
1190 1638 1258 1690 diem
1276 1638 1338 1689 anni
1351 1623 1614 1689 VDCCCXXXVIII.

380 1745 452 1794 Haec
468 1750 572 1810 sumpta
589 1750 651 1795 sunt
672 1761 705 1796 ex
722 1745 789 1796 libro
806 1744 978 1811 generationis
997 1760 1020 1794 c.
1032 1739 1171 1794 eoo-314
1189 1741 1279 1809 (supra
1296 1758 1321 1808 p.
1333 1739 1400 1806 130).
1429 1758 1490 1793 eum
1508 1742 1577 1806 quod
1595 1742 1747 1809 epitomator
1765 1740 1857 1791 tribuit
1875 1740 1940 1790 Iulio

381 1829 515 1894 Africano,
538 1831 721 1884 conferendum
739 1839 779 1882 est
796 1847 855 1882 cum
873 1830 911 1882 eis
928 1845 996 1896 quae
1013 1830 1181 1896 expoauimns
1198 1846 1223 1896 p.
1242 1826 1276 1879 86
1294 1836 1346 1880 not.
1364 1825 1395 1890 4;
1415 1844 1499 1894 neque
1516 1817 1604 1881 tamen
1622 1828 1670 1878 hoc
1688 1827 1744 1878 loco
1764 1827 1941 1892 quaestionem

381 1917 412 1968 de
427 1923 532 1970 auctore
544 1917 751 1970 retractabimus.
781 1919 838 1984 ipsa
848 1917 982 1984 inscriptio
993 1917 1062 1967 unde
1074 1916 1170 1980 veniat,
1188 1917 1291 1982 ignoro;
1310 1931 1342 1966 ex
1355 1915 1565 1983 adlegationibus
1574 1915 1689 1966 AIrIcani
1702 1914 1808 1979 reIIquia
1826 1913 1942 1979 proxime

381 2003 414 2054 ad
432 2003 500 2055 hanc
517 2003 618 2056 accedit
635 2002 716 2055 relata
735 2005 762 2056 iu
779 2005 845 2055 seris
864 2020 954 2070 regum
972 2003 1134 2055 Pontaciana
1150 2002 1220 2070 apud
1238 2001 1393 2055 Schoeninm
1410 2002 1499 2055 chron.
1513 2003 1585 2055 Hier.
1598 2002 1675 2053 vol.l
1692 2017 1750 2068 app.
1769 2017 1793 2066 p.
1807 1997 1849 2051 37.

537 2124 563 2176 2.
581 2125 642 2176 dm
660 2141 692 2177 eo·
709 2126 797 2177 eodem
815 2126 890 2176 libro.
1114 2179 1117 2186 ,

432 2213 474 2264 se
491 2212 576 2264 anm
594 2228 678 2278 usquo
694 2211 727 2263 ae
745 2212 872 2263 nruvtum
890 2212 953 2263 anni
971 2194 1121 2264 nccxun.

433 2299 567 2351 sununs
585 2315 669 2366 usqua
687 2300 721 2351 su
738 2299 870 2350 aarum
888 2299 950 2350 anui
965 2281 1084 2350 icuxx.

432 2385 465 2437 ab
483 2386 596 2437 Abream
614 2401 697 2451 nsque
715 2385 748 2436 ad
766 2386 876 2451 Moysen
894 2385 959 2436 anni
976 2384 1148 2436 CCCXLIIII.

432 2489 448 2522 a
465 2473 556 2538 Moyse
574 2473 710 2538 usquead
728 2473 831 2524 Samuel
849 2473 911 2524 auni
928 2472 1147 2524 CCCCLXXIIII.

432 2574 449 2609 a
466 2557 571 2609 Samuel
588 2575 673 2624 nque
691 2559 725 2609 ad
742 2575 830 2626 regem
847 2558 969 2610 Mzehiam
986 2558 1049 2609 anui
1066 2559 1146 2610 DCIL

432 2644 467 2695 ab
485 2644 578 2696 I'nshia
597 2661 680 2712 nsque
698 2646 732 2698 ad
749 2646 862 2712 Gaginm
880 2646 976 2697 Iullum
994 2645 1115 2696 Cesarem
1133 2645 1196 2696 anui
1215 2645 1347 2696 DLXVII.

432 2746 446 2780 a
465 2730 530 2780 Caio
547 2731 615 2783 lulio
632 2748 716 2798 usque
733 2733 766 2783 ad
783 2733 880 2783 domini
898 2732 979 2784 nosci
997 2731 1159 2784 nativitatem
1177 2731 1240 2784 anui
1257 2731 1363 2782 XLVII.

431 2831 450 2866 a
467 2817 603 2868 natiuitme
620 2817 717 2870 domiui
735 2820 815 2871 nostri
833 2821 893 2870 Iesu
911 2819 1007 2871 Christi
1027 2819 1161 2886 usquead
1180 2819 1327 2885 passionem
1346 2817 1402 2868 eius
1420 2817 1483 2868 anni
1502 2817 1625 2868 XXXIII.

430 2916 447 2952 a
464 2904 583 2970 passione
601 2904 700 2956 domini
719 2922 803 2971 usque
820 2906 853 2957 ad
871 2907 1057 2958 Conatancinm
1075 2915 1101 2958 et
1118 2905 1307 2958 Maximianum
1326 2904 1447 2957 consules
1464 2903 1529 2954 anni
1547 2904 1721 2956 CCLXVIIII.

378 2988 522 3055 Computus
540 2989 666 3042 deductus
684 2990 717 3041 ad
735 3006 759 3042 a.
778 3007 803 3058 p.
822 2991 882 3043 Chr.
895 2989 947 3043 302
966 2991 1035 3044 unde
1052 2992 1140 3044 veniat
1157 2991 1256 3059 ignoro.

536 3107 561 3161 3.
584 3126 616 3161 ec
634 3111 700 3163 libro
718 3111 762 3178 qni
779 3111 899 3163 Sbslabsr
917 3113 1023 3165 monica
1041 3113 1147 3165 Esuebai
1165 3112 1249 3178 cripte
1268 3110 1402 3162 Ieronimi.

431 3194 465 3246 aa
484 3194 567 3247 asam
585 3212 668 3262 usqua
686 3199 719 3249 su
736 3199 866 3250 annuum
882 3197 946 3250 anni
964 3183 1115 3252 ficcxnn.

432 3297 450 3332 a
467 3281 567 3334 diluvio
584 3300 667 3350 usqne
684 3285 717 3335 ad
734 3285 898 3337 nativitatem
916 3286 1036 3338 Abrahae
1053 3287 1115 3337 anni
1133 3285 1326 3336 DCCCCXLII.

432 3384 448 3419 a
465 3369 599 3422 nativitate
617 3371 714 3438 quippe
731 3371 852 3424 Abrahae
870 3388 954 3437 usque
971 3373 1004 3423 ad
1022 3374 1132 3440 Moysen
1150 3378 1177 3424 et
1193 3387 1326 3439 egressum
1345 3370 1450 3422 Israelis
1468 3372 1571 3437 Egypto
1590 3377 1765 3437 conputantur
1782 3371 1844 3422 anni
1855 3373 1912 3422 DV.

431 3471 448 3506 a
465 3456 575 3524 Moysen
592 3465 679 3509 autem
697 3474 780 3523 usqne
798 3458 831 3509 ad
844 3458 1007 3510 Salomonem
1026 3465 1052 3510 et
1069 3459 1180 3526 primam
1198 3457 1388 3510 edificationem
1406 3457 1497 3524 templi
1514 3457 1576 3507 anni
1588 3457 1832 3519 CCCCLXXVIIII,
1850 3473 1941 3510 secuu-

534 3543 595 3594 dum
613 3544 739 3597 minorem
755 3551 841 3597 tamen
860 3561 1009 3608 numerum,
1032 3562 1110 3611 quem
1135 3545 1232 3603 tercius
1250 3561 1394 3613 regnorum
1411 3544 1477 3595 liber
1495 3543 1622 3596 continet:
1645 3561 1705 3596 narn
1727 3545 1801 3596 iuxta
1819 3545 1940 3597 volumen

535 3629 650 3682 iudIcnm
667 3638 842 3698 supputantur
859 3632 922 3682 anni
939 3633 994 3684 Dc.

368 3761 370 3764 -
432 3747 449 3782 a
466 3732 601 3785 Salomone
623 3750 707 3800 usque
726 3735 759 3786 ad
780 3735 993 3788 instaurationem
1018 3735 1119 3802 templi,
1144 3751 1196 3800 qne
1214 3735 1264 3787 sub
1282 3734 1364 3786 Dario
1381 3735 1518 3786 Persarum
1537 3751 1598 3802 rege
1621 3738 1759 3800 lacteam,
1783 3691 1941 3803 collignntdr

535 3820 598 3871 arun
615 3821 710 3873 DXVI.

431 3920 507 3971 porro
524 3921 542 3957 a
558 3907 639 3959 Dario
657 3923 740 3974 usqne
757 3908 790 3959 ad
806 3908 1023 3974 praedicationem
1040 3907 1137 3959 domini
1154 3907 1237 3960 nostri
1254 3908 1315 3959 lesu
1327 3907 1423 3959 Christi
1441 3913 1467 3959 et
1485 3908 1615 3974 usquead
1628 3910 1677 3961 XV
1689 3908 1831 3975 anuu(sic)
1842 3911 1940 3964 Tiberii

536 3994 660 4062 principis
677 3997 853 4047 Romanorum
870 3995 1009 4063 explentur
1028 3995 1091 4046 anni
1109 3995 1254 4046 DXLVIII.
1504 4065 1530 4072 —

431 4077 521 4144 itaque
537 4080 616 4132 simul
633 4082 700 4134 liunt
715 4081 749 4133 ab
766 4082 898 4134 Abraham
915 4098 1000 4148 usque
1017 4082 1050 4134 ad
1062 4080 1177 4146 vnete)
1194 4080 1293 4132 'liberii
1310 4097 1410 4159 aunum
1428 4081 1492 4132 anni
1509 4083 1643 4134 IIXLIIII.

432 4165 500 4218 tiuut
516 4168 593 4220 simul
610 4170 645 4220 ab
664 4169 747 4220 Adam
765 4185 848 4234 usque
865 4169 900 4219 ad
917 4185 1049 4221 summum
1065 4184 1164 4220 annum
1181 4167 1281 4220 Tiberii
1298 4168 1361 4218 anni
1379 4169 1568 4220 VCCXXVIII.

380 4259 480 4312 Similia
496 4262 576 4314 hebet
592 4263 768 4330 Hieronymus
784 4265 818 4316 ad
835 4282 858 4316 a.
876 4265 939 4317 aar.
951 4260 1030 4316 2044.

535 4380 560 4433 4.
585 4397 617 4434 ee
634 4383 700 4435 libro
719 4385 818 4437 Iadovi
835 4385 1004 4451 Hispalensis
1021 4383 1141 4451 episcopi.

431 4465 551 4520 'liberius
569 4471 691 4536 regnavit
707 4473 890 4524 anuosXXIIl
907 4469 1098 4550 (xxii.1-eod.).
1134 4471 1214 4522 huius
1227 4470 1315 4522 XV¹¹¹⁰
1333 4469 1407 4537 regui
1429 4485 1498 4522 anuo
1521 4471 1640 4524 dominus
1663 4474 1805 4528 crucifixus
1827 4484 1866 4529 sat
1883 4495 1939 4546 per·

536 4555 600 4606 actis
617 4572 634 4607 a
650 4557 778 4625 principio
797 4559 887 4610 mnndi
904 4557 982 4611 annia
995 4557 1182 4610 VCCXXVIII.

379 4637 420 4687 Ex
437 4637 564 4692 chronicis
582 4641 673 4693 Isidori
690 4645 832 4697 maioribus
849 4642 931 4697 vol.2
948 4662 974 4713 p.
986 4641 1039 4697 454
1056 4660 1079 4696 c.
1089 4641 1150 4706 239,
1168 4641 1213 4695 sed
1232 4642 1269 4694 ibi
1286 4643 1473 4710 praescribitur
1490 4659 1575 4696 annus
1592 4645 1691 4698 'liberii
1708 4649 1804 4701 XVIII.

535 4757 560 4812 5.
586 4778 617 4813 ee
635 4763 702 4816 libro
718 4765 810 4834 Βαίας
823 4766 968 4831 presbiteri.

431 4842 508 4896 rano
525 4862 572 4898 suo
590 4846 648 4910 (aar.
660 4847 736 4917 xvv)
755 4852 855 4918 imperit
872 4852 970 4904 nnat
989 4887 1078 4904 .....
1096 4851 1160 4903 anni
1177 4835 1439 4903 anticcxxvnr.

379 4937 419 4987 Ad
437 4939 578 5005 marginem
595 4941 729 4994 adnotavit
747 4961 841 4998 manus
858 4946 977 5013 aequalia
994 4947 1069 4998 haec:

431 5023 510 5089 Cave,
529 5026 641 5091 prudens
658 5029 807 5094 oalouhtor,
826 5033 985 5099 ubicumque
1002 5048 1048 5099 per
1065 5039 1148 5085 totmn
1166 5033 1237 5084 hunc
1254 5032 1350 5084 librum
1368 5034 1518 5086 huiusmodi
1529 5013 1738 5102 supputationem
1749 5035 1887 5100 inveneris,
1906 5055 1938 5090 ne

535 5119 610 5178 putes
636 5113 712 5166 iuxta
733 5117 889 5170 Hebraicam
910 5119 1049 5172 veritatem
1070 5135 1152 5171 anuos
1179 5120 1288 5186 positos,
1316 5121 1361 5172 sed
1383 5122 1525 5173 secundnm
1546 5121 1620 5173 LXX
1640 5121 1803 5188 interpretes,
1830 5139 1896 5188 quos
1912 5133 1939 5175 et

535 5198 678 5250 leronimue
696 5207 723 5251 et
739 5202 906 5269 Augustinus
922 5211 988 5256 teste
1007 5205 1078 5257 Beda
1093 5205 1187 5257 docent
1202 5205 1230 5256 in
1247 5207 1297 5258 hoc
1315 5223 1368 5258 uon
1385 5225 1442 5261 ease
1458 5207 1610 5275 sequendos

378 5297 418 5348 Ex
440 5297 567 5351 chronicis
589 5301 730 5354 maioribus
747 5305 832 5357 Bedas
850 5306 932 5360 voli
949 5325 973 5375 p.
984 5305 1037 5359 282
1054 5325 1077 5360 e.
1088 5305 1140 5360 273
1163 5317 1309 5376 sequuntur
1327 5310 1354 5363 in
1372 5312 1461 5364 codice
1483 5313 1685 5380 comparationes
1703 5313 1835 5380 paschales
1853 5315 1939 5367 facua

377 5383 445 5435 inter
462 5385 611 5451 Eusebium,
629 5387 793 5456 Dionysium,
812 5392 957 5446 Victorium
975 5393 1123 5462 slmiliaque
1140 5396 1314 5450 miscellanea.

275 5497 310 5549 ad
327 5513 351 5563 p.
364 5493 406 5559 86,
416 5492 451 5548 20
468 5494 715 5564 attribuemua1scr.
733 5502 908 5556 attribuenda

276 5600 308 5651 ad
326 5616 352 5666 p.
364 5596 398 5650 89
415 5615 437 5650 c
452 5597 466 5649 1
486 5616 511 5650 v.
526 5596 543 5650 3
560 5616 644 5665 nsque
661 5601 694 5652 ad
712 5602 838 5670 ordinem]
857 5621 940 5672 usque
958 5609 990 5660 ad
1008 5609 1163 5662 hodiernum
1180 5612 1274 5664 amicit
1289 5612 1455 5682 ffirsaiseld.

345 5714 475 5756 caaomca
492 5716 528 5755 nr.
