4554 6316
1063 1291 1083 1381 l

566 1455 759 1551 nasu
803 1415 1107 1554 annonis
1132 1458 1600 1553 Anaxannrsmr

773 1633 823 1704 A.
850 1627 1400 1707 CXXXVIII-CCCLXXH

912 1788 982 1854 ΕΙ).
1006 1788 1048 1853 Η.
1065 1787 1253 1855 VSENER.

357 1973 613 2076 instrumentum
638 2016 819 2096 temporum
844 2010 1101 2076 definiendorum
1123 2011 1211 2076 haud
1233 2009 1453 2097 spernendum
1481 2031 1524 2076 cx
1550 2012 1639 2078 fonte
1664 2013 1761 2101 louge
1787 2036 1806 2079 a
1829 2016 1911 2081 tritis

254 2113 408 2179 historiae
440 2114 562 2178 semitis
584 2120 709 2178 remoto
735 2113 869 2178 accedit.
915 2116 1091 2179 astronomi
1114 2114 1232 2180 Graeci
1262 2136 1336 2180 cum
1366 2114 1409 2180 ad
1432 2113 1611 2180 studiorum
1633 2137 1726 2200 usum
1751 2117 1912 2204 quotidia-

253 2239 330 2282 num
367 2219 604 2304 supellectilem
635 2217 821 2282 tabularum
852 2219 1050 2283 manualium
1085 2214 1295 2304 (προχείρους
1323 2211 1461 2297 κανόνας
1496 2219 1542 2284 1111
1573 2218 1697 2303 dicunt)
1725 2220 1912 2304 conderent,

258 2321 400 2407 oportuit
430 2342 486 2387 eos
510 2321 609 2386 etiam
631 2320 805 2387 laterculos
836 2321 1034 2408 adiungere,
1066 2322 1182 2408 quibus
1209 2323 1363 2409 inspectis
1391 2322 1486 2388 facile
1517 2321 1669 2408 quicquid
1697 2324 1730 2388 in
1758 2326 1848 2390 caelo
1871 2326 1912 2390 ab

254 2425 325 2489 aliis
348 2427 415 2491 sive
440 2425 512 2490 loco
536 2426 604 2490 sive
628 2431 777 2511 tempore
801 2424 967 2491 disiunctis
990 2426 1199 2491 observatum
1216 2431 1313 2508 essct,
1337 2424 1380 2489 ad
1401 2447 1493 2490 suum
1510 2433 1695 2513 computum
1711 2436 1913 2495 revocarent.

255 2549 319 2615 qua
342 2549 440 2594 causa
463 2535 718 2594 consentaneum
750 2535 800 2594 est
833 2529 928 2594 simul
956 2534 1053 2615 atque
1087 2528 1219 2594 tabulae
1243 2529 1411 2594 manuales
1440 2530 1482 2595 ab
1511 2525 1702 2596 astronomis
1726 2533 1913 2618 conpositae

255 2638 338 2710 sunt,
363 2633 461 2696 etiam
484 2632 628 2697 locorum
651 2633 913 2717 gravissimorum
937 2630 1113 2697 secundum
1145 2632 1227 2696 caeli
1256 2632 1453 2718 positionem
1482 2631 1684 2698 definitiones
1693 2636 1718 2719 l)
1743 2642 1777 2701 et
1799 2657 1914 2723 regum

254 2735 322 2800 sire
347 2756 591 2822 eponymorum,
615 2757 751 2823 quorum
773 2738 895 2803 mentio
924 2737 966 2802 ab
996 2736 1228 2822 antiquioribus
1251 2735 1394 2800 siderum
1418 2738 1654 2822 spectatoribus
1682 2737 1752 2804 lieri
1774 2740 1913 2824 solebat,

253 2837 378 2902 iudices
401 2846 553 2903 accurata
576 2846 760 2924 temporum
783 2839 950 2905 notatione
973 2839 1109 2905 idoneos
1132 2838 1260 2903 additos
1284 2859 1367 2904 esse.

358 2939 411 3006 Sic
434 2948 528 3006 natus
552 2949 602 3006 est
624 2963 728 3008 canon
752 2943 806 3030 qui
831 2942 945 3009 dicitur
968 2943 1211 3024 astronomicus,
1235 2943 1324 3007 cuius
1348 2943 1419 3029 ipsa
1434 2941 1560 3007 indoles
1576 2949 1699 3008 certum
1716 2951 1766 3010 est
1782 2947 1913 3032 originis

255 3044 418 3110 indicium.
464 3065 614 3110 mensura
636 3047 792 3132 temporis
808 3068 910 3112 eunus
925 3046 1149 3134 Aegyptiacus
1172 3052 1223 3111 est
1244 3045 1358 3112 solaris
1380 3066 1418 3111 ac
1441 3044 1569 3111 mobiba
1585 3046 1710 3112 dierum
1726 3047 1913 3116 CCCLXV:

253 3147 352 3233 igitur
374 3154 450 3212 ante
474 3169 592 3213 annum
609 3171 634 3214 c.
652 3152 693 3213 26
717 3171 747 3215 a.
764 3149 851 3227 Chr,
875 3171 937 3236 quo
958 3149 1173 3214 Alexandrini
1195 3148 1340 3214 bissexto
1363 3150 1553 3214 intercalata
1577 3171 1678 3216 annos
1700 3152 1784 3216 intra
1807 3160 1913 3218 certos

253 3251 334 3316 fines
365 3271 517 3316 coercere
547 3259 738 3338 coeperunt,
768 3253 952 3319 tabularum
979 3255 1108 3318 illarum
1131 3252 1378 3318 fundamentum
1403 3260 1533 3339 oportet
1561 3253 1594 3317 in
1615 3252 1769 3341 Aegypto
1792 3257 1912 3322 iactum

255 3375 338 3421 esse.
385 3354 588 3420 deducuntur
609 3362 760 3442 tempora
782 3357 824 3422 ab
848 3377 931 3422 anno
955 3358 1059 3443 primo
1075 3356 1280 3422 Nabouasari
1295 3355 1502 3442 Assyriorum
1523 3357 1609 3444 regis
1631 3357 1652 3422 i.
1669 3379 1698 3422 ε.
1714 3380 1735 3423 a
1751 3357 1781 3425 d.
1798 3359 1915 3425 XXVI

254 3480 297 3523 m.
321 3458 403 3524 febr.
427 3479 456 3524 a.
473 3463 534 3523 747
558 3480 588 3524 a.
605 3457 681 3524 cnr.
733 3459 821 3545 quod
849 3481 906 3525 cur
935 3461 981 3524 ita
1007 3461 1189 3525 institutum
1212 3460 1269 3540 sit,
1302 3460 1512 3525 Ptolemaeus
1539 3460 1647 3526 verbis
1675 3482 1742 3526 non
1771 3461 1914 3527 obscuris

254 3568 430 3648 syntaxeos
453 3562 539 3628 ΙΠ6
564 3563 706 3647 explicat
729 3563 831 3629 hisce:
864 3559 912 3643 εἷς
933 3557 993 3652 τὴν
1015 3558 1117 3653 ἀρχὴν
1138 3565 1196 3651 τῆς
1220 3557 1462 3648 Ναβονασάρου
1484 3559 1657 3647 βασιλείας
1680 3615 1687 3630 .
1712 3613 1719 3630 .
1744 3612 1768 3645 .,
1793 3557 1849 3652 ἀφ’
1875 3552 1915 3632 οὗ

253 3659 369 3748 χρόνου
402 3661 459 3730 καὶ
493 3659 553 3744 τὰς
586 3661 736 3745 παλαιὰς
768 3661 920 3755 τηρήσεις
948 3662 1063 3752 ἔχομεν
1093 3659 1137 3746 ὡς
1165 3663 1295 3733 ε’πίπαν
1322 3665 1416 3754 μέχρι
1444 3667 1505 3732 τοῦ
1535 3666 1631 3750 δεῦρο
1660 3667 1913 3754 διασῳζομένας.

253 3769 351 3854 igitur
381 3771 574 3835 astronomis
598 3769 732 3836 Graecis
757 3769 996 3836 Chaldaeorum
1018 3771 1277 3852 observationes,
1308 3771 1427 3858 quibus
1457 3769 1587 3855 quidem
1617 3776 1687 3835 tuto
1716 3771 1762 3835 uti
1790 3773 1913 3854 liceret,

254 3871 469 3939 Nabonasaro
494 3875 693 3960 antiquiores
716 3883 847 3962 praesto
870 3897 935 3940 non
959 3882 1061 3958 erant,
1086 3896 1190 3962 eaque
1215 3895 1314 3941 causa
1337 3875 1399 3940 hoo
1422 3895 1559 3960 regnum
1581 3875 1719 3961 primum
1742 3880 1812 3939 erat
1827 3873 1913 3940 unde

255 3983 438 4063 temporum
469 3977 613 4042 tabulam
642 3978 849 4064 repetebant.
904 3979 1073 4045 fabulosae
1100 3986 1211 4044 autem
1240 3979 1455 4066 antiquitatis,
1485 3998 1582 4063 quarn
1610 3977 1913 4043 mathematicorum

255 4081 371 4144 levitas
394 4080 549 4162 iactabat,
573 4079 807 4146 Graeculorum
831 4081 1005 4147 credulitas
1029 4083 1127 4148 etiam
1151 4081 1347 4169 augebam),
1372 4082 1524 4168 reliquias
1554 4081 1687 4146 illinon
1711 4089 1913 4147 curaverunt.

252 4184 403 4270 Assyrios
439 4185 605 4270 excipiunt
627 4205 724 4271 reges
746 4184 935 4268 Persarum,
964 4207 1099 4273 quorum
1127 4207 1247 4273 agmen
1269 4185 1462 4251 Alexander
1483 4183 1621 4249 Macedo
1650 4185 1696 4250 ita
1719 4183 1854 4266 claudit,
1877 4192 1914 4250 ut

254 4290 375 4376 primus
400 4289 430 4354 ei
454 4310 556 4353 annus
578 4310 643 4353 non
665 4289 721 4354 illc
744 4290 926 4375 assignetur
949 4311 1012 4377 quo
1029 4290 1163 4354 Darium
1179 4291 1231 4355 ΠΙ
1254 4310 1356 4376 regno
1381 4290 1472 4354 exuit
1494 4288 1539 4374 (a.
1554 4286 1682 4353 Nabon.
1698 4288 1787 4372 418),
1810 4288 1912 4354 sedis

253 4413 316 4478 quo
345 4392 460 4457 urbem
488 4391 721 4458 Alexandriam
752 4393 895 4460 condidit
926 4394 971 4481 (a.
986 4393 1071 4460 Nab.
1088 4398 1150 4459 417
1174 4394 1250 4460 inde
1279 4394 1352 4460 ad.
1370 4393 1452 4458 XIV
1474 4414 1518 4459 m.
1546 4412 1619 4457 nov.
1639 4396 1701 4457 332
1725 4413 1754 4457 a.
1772 4391 1860 4476 Chr.)
1888 4393 1934 4478 ).·

255 4497 353 4563 etiarn
376 4497 521 4582 apertius
545 4517 584 4561 eo
609 4497 697 4584 quod
719 4499 803 4563 inter
819 4497 1043 4564 Alexandrum
1060 4497 1205 4584 duosque
1229 4498 1298 4562 eius
1321 4496 1461 4562 heredes
1484 4501 1518 4561 ct
1540 4496 1773 4582 imperatorum
1788 4494 1910 4560 Roma·

358 4690 378 4755 ¹)
398 4690 554 4742 Huiusmodi
572 4690 675 4741 tabulas
696 4691 889 4758 geographicas,
908 4690 999 4757 quales
1016 4697 1078 4741 sunt
1095 4690 1123 4741 in
1141 4689 1228 4740 codice
1246 4687 1365 4740 Leidensi
1383 4689 1400 4738 1.
1415 4684 1514 4753 66ιηη.
1532 4693 1558 4738 et
1575 4687 1752 4739 Laurentiano
1770 4689 1788 4738 f.
1801 4684 1833 4738 51
1845 4703 1910 4753 sqq„

252 4780 435 4834 aPtolamaao
458 4792 490 4828 ac
507 4776 613 4828 Theona
635 4777 703 4828 inter
725 4785 877 4844 apparatum
901 4777 1049 4828 manualem
1071 4777 1164 4828 relatas
1189 4774 1269 4826 tuisse
1291 4780 1394 4824 exstant
1416 4773 1530 4840 ipsorum
1553 4774 1710 4838 tesnmonia,
1728 4774 1869 4825 Ptolemaei
1883 4773 1911 4824 in

252 4863 439 4934 prolegomenis
452 4863 601 4914 tabularum
614 4860 683 4928 (vida
696 4880 720 4929 p.
733 4859 793 4928 360,
806 4862 833 4925 4)
853 4880 877 4930 p.
892 4863 905 4915 1
925 4861 1085 4930 περιέχουσι
1103 4859 1133 4912 δὲ
1153 4859 1179 4912 oi
1196 4861 1250 4929 μέν
1267 4858 1370 4927 πρῶτοι
1387 4857 1502 4915 κανόνες
1519 4857 1566 4925 τῆς
1578 4859 1643 4908 καθ’
1659 4856 1732 4926 ἡμᾶς
1750 4858 1912 4928 οἰκουμένης

251 4948 458 5017 ἐπισημοτέραν
480 4945 587 4999 πόλεων
608 4946 657 5005 τάς
679 4947 749 4998 κατά
773 4947 861 5016 μῆκος
883 4946 929 4999 καὶ
952 4946 1054 5006 πλάτος
1078 4944 1182 5015 ἐποχάς
1199 4951 1232 5000 cl.
1252 4945 1307 5014 p.4
1324 4941 1541 5012 ἐπισκεψάμενοι
1565 4941 1611 4994 διά
1630 4944 1686 4996 ταῖν
1707 4943 1738 4996 έν
1755 4945 1794 5014 τῷ
1811 4942 1911 5014 πρώτῳ

250 5034 369 5105 κανονίῳ
387 5032 598 5102 παρακειμένων
615 5032 655 5103 τῷ
672 5031 843 5103 ὑποκειμένῳ
862 5032 937 5103 τόπῳ
959 5033 1007 5100 τῆς
1026 5033 1096 5084 κατά
1113 5032 1214 5091 πλάτος
1235 5032 1284 5084 τοῦ
1302 5030 1465 5099 ἰσημερινοῦ
1483 5023 1589 5098 ἀποχῆς
1606 5029 1712 5100 μοιρῶν
1729 5031 1777 5082 τόν
1794 5027 1910 5098 ἔγγιστα

251 5122 355 5176 τούτων
372 5119 509 5190 ἐχόμενον
526 5117 707 5190 παράλληλον,
726 5123 798 5174 Theo
817 5123 843 5174 in
862 5139 952 5174 comm.
966 5122 1043 5189 ampl.
1057 5121 1092 5189 (p.
1108 5119 1168 5186 360,
1181 5119 1208 5185 2)
1226 5119 1268 5171 12
1286 5119 1321 5186 (V
1332 5115 1400 5171 293¹
1417 5121 1445 5170 M
1462 5117 1523 5182 41¹)
1541 5113 1679 5168 ἐκτίθεται
1697 5102 1748 5167 οὖν
1766 5117 1854 5184 (Ptol.)
1872 5117 1911 5174 εἰς

250 5211 329 5262 τοῦτο
355 5209 465 5276 πρῶτον
491 5203 622 5258 κανόνιον
646 5207 777 5278 περιέχον
793 5209 848 5260 τῶν
867 5208 914 5276 τῆς
939 5209 1005 5258 καθ’
1022 5206 1096 5276 ἡμᾶς
1120 5206 1291 5278 βορειοτέρας
1313 5205 1476 5273 οἰκουμένης
1497 5203 1703 5272 ἐπισημοτέραν
1728 5201 1836 5256 πόλεων
1862 5203 1911 5263 τάς

248 5289 407 5364 ὀνομασίας,
425 5291 561 5364 παραθεὶς
579 5289 675 5353 αιίταΐς
695 5293 726 5347 ἐκ
749 5295 798 5362 τῆς
822 5294 1044 5362 συντεταγμένης
1068 5289 1145 5365 αὐτῷ
1170 5291 1366 5361 χεωγρσφικῆς
1387 5287 1579 5359 πραγματείας
1600 5285 1715 5357 έπὶμὲν
1733 5287 1909 5360 reductivae
1968 5357 1970 5362 ι

249 5379 368 5434 σελιιίίου
386 5379 436 5439 τάς
452 5381 522 5432 κατά
539 5379 627 5449 μῆκος
645 5376 737 5433 αὐτῶν
755 5379 864 5449 έποχάς,
883 5377 927 5433 ἐπί
946 5379 976 5432 δὲ
995 5381 1045 5433 τοῦ
1063 5378 1193 5448 δευτέρου
1211 5377 1259 5436 τάς
1276 5375 1347 5429 κατά
1364 5375 1473 5435 πλάτος.
1568 5375 1590 5442 ¹)
1609 5378 1648 5429 cf.
1667 5377 1826 5444 Porphyrius
1844 5379 1909 5430 sim-

249 5471 320 5537 plicii
337 5471 364 5520 in
382 5470 461 5520 Arist.
479 5470 510 5520 dc
528 5471 599 5522 caelo
617 5467 714 5537 p.506,
729 5468 761 5522 13
785 5471 861 5522 Heib.
879 5470 1028 5537 Simplicius
1053 5468 1116 5519 ibid.
1137 5464 1195 5532 lli,
1209 5463 1243 5516 26
1262 5465 1351 5517 Cicero
1376 5465 1408 5516 dc
1432 5465 1511 5515 divin.
1532 5461 1644 5523 1111,Βό
1662 5463 1763 5514 Plinius
1781 5465 1907 5516 n.h.Vll

251 5554 300 5608 193
318 5555 474 5607 lamblichus
495 5555 579 5607 Procli
598 5555 624 5606 in
644 5557 681 5607 Pl.
701 5558 767 5607 Tim.
788 5573 810 5623 p.
824 5553 866 5618 31,
879 5553 913 5606 24
931 5556 964 5606 al.
984 5555 1043 5606 ride
1061 5553 1167 5606 Haurioi
1186 5552 1292 5603 Martini
1314 5551 1345 5602 de
1368 5551 1409 5602 his
1437 5550 1531 5601 sabulis
1549 5550 1752 5602 dissertationem
1771 5549 1908 5602 Μέυιοίνιι

244 5643 412 5710 paternitati
430 5641 524 5692 l'accd.
543 5641 588 5692 des
605 5642 699 5694 ίνιιονν.
718 5641 784 5694 V12
803 5638 894 5706 (1864)
913 5659 938 5708 p,
950 5639 1002 5692 295
1013 5657 1066 5707 sqq.
1176 5637 1197 5704 ⁸)
1217 5639 1256 5691 Cl.
1276 5640 1305 5689 L.
1325 5638 1407 5688 ldelar
1425 5635 1525 5689 Hister.
1544 5636 1769 5703 Ualermscllaayec
1786 5636 1848 5688 alter
1867 5636 1910 5689 die

250 5737 346 5781 astron.
365 5727 579 5793 Beobcclltarrpea
598 5728 646 5780 der
664 5728 743 5780 Altera
762 5745 786 5795 p.
798 5725 833 5780 62
852 5727 1000 5778 Haadluelr
1019 5727 1065 5779 der
1086 5725 1255 5792 Οίινοαοίορίι
1273 5727 1285 5775 l
1303 5742 1327 5791 p.
1348 5721 1406 5775 114.
1428 5721 1486 5774 122.
