4554 6316
719 389 989 448 Annlrsnfflrt'rs
1009 393 1057 446 AD
1076 392 1263 448 ennomus
1283 392 1438 448 BEDANA·
1838 397 1901 460 335

232 571 308 645 post
331 588 357 630 o.
375 569 439 630 527
460 567 505 630 od
522 565 682 631 Tiberium
697 565 751 630 ΙΙ.·
775 586 839 651 quo
863 564 1014 631 defuncto
1121 563 1193 650 Clip
1218 559 1397 650 elegerunt.
1442 588 1480 631 en
1500 566 1750 649 Frodoporirnis
1766 565 1785 630 1.
1801 570 1823 629 3
1837 566 1897 648 (4),

326 673 368 732 or
383 691 420 751 p.
438 673 511 748 111,
530 672 560 734 4.

232 772 308 852 post
329 793 354 836 c.
372 773 435 837 529
453 773 504 838 ,od
525 771 729 836 Mauriciano
737 793 747 836 :
784 777 817 836 et
835 793 956 838 omnes
983 772 1083 838 libros
1189 793 1401 838 oonoramare
1433 773 1533 837 iussit.
1584 793 1623 836 eu
1652 772 1901 854 Fredayarianis

233 895 234 900 ¹
282 956 288 964 Ι
325 874 345 939 1.
361 878 430 953 4,3
447 897 484 956 p.
501 877 574 953 125,
589 877 728 940 24-26.

232 983 307 1058 post
329 1000 354 1042 o.
373 980 437 1042 537
457 979 502 1042 od
523 977 681 1042 Phocum:
703 979 808 1044 Fooas
832 981 887 1065 qui
910 979 1075 1064 tyrannico
1101 1028 1157 1042 ...
1180 980 1212 1043 in
1230 999 1319 1043 mare
1337 980 1552 1064 proiecerunt.
1597 1001 1635 1044 eo·
1650 979 1901 1061 Fredeporionis

324 1086 354 1160 4,
371 1085 413 1146 63
428 1105 464 1164 p.
483 1083 554 1160 151,
569 1083 731 1160 24-152,
749 1083 779 1146 5.

233 1190 306 1266 post
328 1208 353 1250 o.
370 1187 434 1250 538
455 1175 625 1252 Heraclius
650 1206 722 1250 ann.
739 1184 868 1249 XXVI:
893 1185 970 1250 alibi
993 1184 1134 1250 XXVII.
1180 1207 1218 1250 en
1242 1185 1366 1250 Isidoro
1388 1207 1413 1250 o.
1429 1189 1493 1250 264
1517 1185 1572 1267 (of.
1589 1206 1615 1248 o.
1633 1184 1680 1268 l).

233 1310 296 1379 pro
329 1288 393 1355 ioco
423 1312 449 1356 o.
473 1291 581 1368 540‚6
607 1291 691 1354 inter
720 1310 760 1354 ea
867 1293 887 1352 7
914 1289 1039 1354 Persis:
1073 1285 1245 1354 Heraclius
1273 1311 1345 1354 oum
1384 1297 1470 1354 esset
1506 1290 1659 1377 patrioius
1690 1338 1725 1353 ..
1753 1338 1759 1352 .
1790 1290 1900 1356 multia

325 1393 494 1460 thesauris.
539 1415 577 1458 on
599 1394 1059 1478 Fredaparionisp.151;24.
1085 1394 1157 1472 152,
1175 1397 1204 1457 5.
1228 1396 1281 1458 28.
1306 1395 1379 1472 153,
1396 1397 1425 1460 1.
1875 1413 1877 1416 ·

239 1498 353 1563 ibidnn
362 1505 436 1580 post
458 1522 482 1562 o.
500 1499 588 1590 540.·
604 1497 774 1563 Heraclius
789 1500 864 1584 imp.
890 1548 921 1562 ..
940 1547 946 1562 .
970 1503 1081 1562 oonba
1102 1499 1273 1583 imperium
1296 1499 1443 1583 surgerit.
1480 1519 1519 1562 aa
1534 1497 1785 1579 Frodaparioais
1808 1501 1838 1575 4,
1857 1496 1898 1560 65

321 1623 356 1684 p.
377 1603 449 1680 153,
469 1604 587 1665 4-11.

239 1707 399 1788 seqnitur:
427 1706 523 1770 Anno
538 1706 569 1769 V
591 1705 710 1771 Eraclii
734 1713 767 1770 et
790 1704 862 1770 IIII
892 1706 1144 1791 relegiosiesimo
1176 1707 1321 1792 principe
1351 1704 1531 1770 Gothorum
1557 1706 1700 1770 Senibuti
1722 1706 1754 1770 in
1778 1704 1899 1791 Spania

325 1809 440 1874 Iudaei
462 1805 675 1896 baptizantur.
720 1831 758 1873 oo
781 1809 907 1873 Isidoro
930 1830 955 1872 o.
971 1812 1046 1875 265.

233 1917 309 1994 prust
330 1934 356 1979 o.
372 1917 452 1978 511·
474 1914 619 2001 Agereni
643 1963 701 1980 ...
725 1917 824 1980 vitam
848 1914 958 1979 linivit.
1003 1936 1042 1979 aa
1063 1914 1314 1996 Fredaporionis
1335 1917 1366 1992 4,
1384 1917 1425 1977 66
1442 1935 1477 1994 p.
1498 1913 1814 1991 153,12-154,10.

239 2016 284 2080 od
308 2015 552 2082 Constorrtinnm
590 2015 792 2084 Constantini
824 2016 848 2098 f.
873 2021 949 2098 posi
980 2039 1005 2081 o.
1031 2019 1109 2081 552:
1146 2015 1198 2082 die
1225 2016 1256 2079 V
1283 2038 1384 2082 mens.
1413 2017 1473 2081 Iul.
1506 2017 1613 2082 omnia
1642 2037 1704 2103 que
1741 2023 1833 2080 erant
1864 2017 1896 2080 in

326 2141 402 2186 aera
427 2170 484 2188 ...
508 2142 682 2209 numquam
708 2119 881 2208 aliquando
907 2121 1044 2185 luerunt.
1090 2141 1129 2184 oco
1152 2118 1230 2184 libro
1249 2119 1430 2201 pontificali
1453 2121 1488 2184 in
1509 2121 1574 2184 rita
1597 2118 1753 2182 Vitaliani
1769 2141 1805 2199 p.
1822 2123 1895 2196 343,

326 2229 355 2290 7.
381 2229 575 2303 14-344,4
596 2224 771 2290 Dicebam.

239 2327 284 2392 od
308 2329 553 2395 Corastontinurn
577 2328 781 2394 Cormtontini
802 2328 977 2410 superioris
1004 2327 1028 2408 f.
1046 2348 1109 2408 pro
1131 2328 1231 2393 vobis
1253 2349 1278 2392 c.
1298 2328 1362 2391 557
1384 2348 1461 2392 mox
1484 2326 1718 2392 Alexandriam
1740 2326 1896 2392 redeunt:

327 2431 386 2496 sed
409 2438 443 2496 et
465 2453 541 2498 aare
565 2432 652 2519 quod
673 2432 795 2522 ibidem
818 2453 838 2496 a
859 2431 965 2496 Roma
987 2432 1174 2517 navigatum
1199 2431 1305 2497 iuerat
1327 2451 1436 2496 seeum
1460 2430 1671 2496 abstollentes
1697 2429 1898 2495 Alexandria

327 2537 449 2601 reversi
472 2543 554 2601 sunt.
600 2557 638 2600 aa
660 2534 738 2601 libro
754 2535 937 2617 pmttifioali
959 2535 995 2598 in
1016 2535 1083 2598 viia
1106 2534 1265 2600 Adeodoti
1282 2556 1317 2614 p.
1335 2538 1399 2598 346
1423 2533 1528 2598 Dnob.

240 2641 285 2703 ad
310 2639 442 2704 mindam
468 2645 543 2720 post
569 2661 594 2704 e.
619 2641 698 2702 560.-
731 2659 771 2704 sa
802 2658 879 2703 vero
914 2638 994 2703 hora
1101 2639 1238 2725 expulso
1268 2641 1350 2702 eunt.
1395 2657 1435 2701 aa
1461 2635 1540 2701 libro
1563 2636 1744 2720 pontificali
1773 2637 1808 2700 in
1832 2637 1898 2700 rito

326 2743 505 2826 Ayatlronis
522 2765 555 2824 p.
572 2745 645 2821 354,
662 2745 680 2805 5
704 2742 810 2808 Dnob.

240 2849 285 2912 od
317 2846 533 2928 Pbilippionm
559 2853 635 2928 post
668 2869 694 2911 o.
721 2849 804 2911 581.-
841 2846 936 2911 Anno
967 2845 1124 2912 DOOXH
1158 2867 1243 2911 mors
1277 2845 1456 2932 Abiriperti
1487 2845 1647 2932 (biriperti
1680 2866 1720 2909 m.
1744 2845 1777 2929 1)
1812 2844 1898 2928 regis

327 2951 627 3037 Langobardorum.
673 2972 723 3015 an.
740 2950 915 3015 DCCXIII
937 2972 1023 3014 mors
1045 2950 1154 3015 Allide
1179 2957 1211 3015 et
1234 2950 1369 3014 Alidulii
1392 2950 1487 3034 regis.

342 5776 474 5814 canorum
492 5777 526 5814 111.
