<?xml version="1.0" encoding="UTF-8"?>
<!DOCTYPE html PUBLIC "-//W3C//DTD XHTML 1.0 Transitional//EN"
    "http://www.w3.org/TR/xhtml1/DTD/xhtml1-transitional.dtd">
<html xmlns="http://www.w3.org/1999/xhtml" xml:lang="en" lang="en">
 <head>
  <title>
</title>
<meta http-equiv="Content-Type" content="text/html;charset=utf-8" />
  <meta name='ocr-system' content='tesseract 3.04.00' />
  <meta name='ocr-capabilities' content='ocr_page ocr_carea ocr_par ocr_line ocrx_word'/>
</head>
<body>
  <div class='ocr_page' id='page_1' title='image "./monumentagerman01mittgoog_0253.png"; bbox 0 0 4598 6300; ppageno 0'>
   <div class='ocr_carea' id='block_1_1' title="bbox 412 371 1486 437">
    <p class='ocr_par' dir='ltr' id='par_1_1' title="bbox 412 371 1486 437">
     <span class='ocr_line' id='line_1_1' title="bbox 412 371 1486 437; baseline -0.01 0"><span class='ocrx_word' id='word_1_1' title='bbox 412 375 473 437; x_wconf 76' lang='lat'>238</span> <span class='ocrx_word' id='word_1_2' title='bbox 988 371 1109 428; x_wconf 81' lang='lat' dir='ltr'>BEDAB</span> <span class='ocrx_word' id='word_1_3' title='bbox 1126 372 1312 428; x_wconf 75' lang='lat' dir='ltr'>caeoslcn</span> <span class='ocrx_word' id='word_1_4' title='bbox 1332 372 1486 427; x_wconf 80' lang='lat' dir='ltr'>MAIOBA.</span> 
     </span>
    </p>
   </div>
   <div class='ocr_carea' id='block_1_2' title="bbox 291 545 2103 5518">
    <p class='ocr_par' dir='ltr' id='par_1_2' title="bbox 292 545 2067 1361">
     <span class='ocr_line' id='line_1_2' title="bbox 292 545 2064 633; baseline 0.002 -25"><span class='ocrx_word' id='word_1_5' title='bbox 292 567 399 621; x_wconf 66' lang='lat' dir='ltr'>sysara</span> <span class='ocrx_word' id='word_1_6' title='bbox 514 548 543 608; x_wconf 81' lang='lat'>2.</span> <span class='ocrx_word' id='word_1_7' title='bbox 573 545 744 610; x_wconf 88' lang='lat' dir='ltr'>Leidensis</span> <span class='ocrx_word' id='word_1_8' title='bbox 769 546 926 631; x_wconf 86' lang='lat' dir='ltr'>Scaligeri</span> <span class='ocrx_word' id='word_1_9' title='bbox 950 566 979 609; x_wconf 92' lang='lat' dir='ltr'>n.</span> <span class='ocrx_word' id='word_1_10' title='bbox 998 549 1038 611; x_wconf 77' lang='lat'>28</span> <span class='ocrx_word' id='word_1_11' title='bbox 1062 547 1200 633; x_wconf 89' lang='lat' dir='ltr'>scriptus</span> <span class='ocrx_word' id='word_1_12' title='bbox 1222 546 1301 609; x_wconf 92' lang='lat' dir='ltr'>item</span> <span class='ocrx_word' id='word_1_13' title='bbox 1325 567 1409 610; x_wconf 88' lang='lat' dir='ltr'>saec.</span> <span class='ocrx_word' id='word_1_14' title='bbox 1431 546 1480 610; x_wconf 90' lang='lat' dir='ltr'>IX</span> <span class='ocrx_word' id='word_1_15' title='bbox 1502 547 1674 632; x_wconf 82' lang='lat' dir='ltr'>incipiente</span> <span class='ocrx_word' id='word_1_16' title='bbox 1702 547 1734 610; x_wconf 92' lang='lat' dir='ltr'>in</span> <span class='ocrx_word' id='word_1_17' title='bbox 1766 548 1962 611; x_wconf 90' lang='lat' dir='ltr'>monasterio</span> <span class='ocrx_word' id='word_1_18' title='bbox 1985 546 2064 611; x_wconf 85' lang='lat' dir='ltr'>Fla-</span> 
     </span>
     <span class='ocr_line' id='line_1_3' title="bbox 408 648 2066 736; baseline 0.001 -24"><span class='ocrx_word' id='word_1_19' title='bbox 408 648 582 713; x_wconf 84' lang='lat' dir='ltr'>viniaoensi</span> <span class='ocrx_word' id='word_1_20' title='bbox 605 671 707 736; x_wconf 87' lang='lat' dir='ltr'>prope</span> <span class='ocrx_word' id='word_1_21' title='bbox 731 649 1023 736; x_wconf 82' lang='lat' dir='ltr'>Augustodunum,</span> <span class='ocrx_word' id='word_1_22' title='bbox 1047 657 1083 713; x_wconf 92' lang='lat' dir='ltr'>ut</span> <span class='ocrx_word' id='word_1_23' title='bbox 1113 649 1346 714; x_wconf 83' lang='lat' dir='ltr'>demonstrarit</span> <span class='ocrx_word' id='word_1_24' title='bbox 1370 650 1457 715; x_wconf 79' lang='lat' dir='ltr'>Jaffc</span> <span class='ocrx_word' id='word_1_25' title='bbox 1480 650 1643 736; x_wconf 92' lang='lat' dir='ltr'>quondam</span> <span class='ocrx_word' id='word_1_26' title='bbox 1666 657 1776 715; x_wconf 90' lang='lat' dir='ltr'>noster</span> <span class='ocrx_word' id='word_1_27' title='bbox 1798 652 1831 715; x_wconf 94' lang='lat' dir='ltr'>in</span> <span class='ocrx_word' id='word_1_28' title='bbox 1853 651 1997 715; x_wconf 89' lang='lat' dir='ltr'>auctario</span> <span class='ocrx_word' id='word_1_29' title='bbox 2022 649 2066 714; x_wconf 89' lang='lat' dir='ltr'>ad</span> 
     </span>
     <span class='ocr_line' id='line_1_4' title="bbox 409 751 2065 841; baseline 0.001 -25"><span class='ocrx_word' id='word_1_30' title='bbox 409 751 583 817; x_wconf 87' lang='lat' dir='ltr'>editionem</span> <span class='ocrx_word' id='word_1_31' title='bbox 607 775 713 818; x_wconf 90' lang='lat' dir='ltr'>meam</span> <span class='ocrx_word' id='word_1_32' title='bbox 737 754 922 819; x_wconf 72' lang='lat' dir='ltr'>cassiodori</span> <span class='ocrx_word' id='word_1_33' title='bbox 949 754 1024 840; x_wconf 88' lang='lat' dir='ltr'>(act.</span> <span class='ocrx_word' id='word_1_34' title='bbox 1042 776 1101 820; x_wconf 90' lang='lat' dir='ltr'>scr.</span> <span class='ocrx_word' id='word_1_35' title='bbox 1120 755 1240 818; x_wconf 80' lang='lat' dir='ltr'>Saxcn.</span> <span class='ocrx_word' id='word_1_36' title='bbox 1257 755 1380 819; x_wconf 90' lang='lat' dir='ltr'>maiora</span> <span class='ocrx_word' id='word_1_37' title='bbox 1404 755 1442 820; x_wconf 91' lang='lat' dir='ltr'>cl.</span> <span class='ocrx_word' id='word_1_38' title='bbox 1467 754 1540 819; x_wconf 90' lang='lat' dir='ltr'>hiet.</span> <span class='ocrx_word' id='word_1_39' title='bbox 1565 761 1598 819; x_wconf 92' lang='lat' dir='ltr'>et</span> <span class='ocrx_word' id='word_1_40' title='bbox 1620 755 1698 841; x_wconf 90' lang='lat' dir='ltr'>phil.</span> <span class='ocrx_word' id='word_1_41' title='bbox 1722 756 1819 820; x_wconf 85' lang='lat' dir='ltr'>vol.3</span> <span class='ocrx_word' id='word_1_42' title='bbox 1844 776 1877 841; x_wconf 93' lang='lat' dir='ltr'>p.</span> <span class='ocrx_word' id='word_1_43' title='bbox 1893 753 2065 840; x_wconf 66' lang='lat' dir='ltr'>(illaec),</span> 
     </span>
     <span class='ocr_line' id='line_1_5' title="bbox 408 857 2064 945; baseline 0.001 -25"><span class='ocrx_word' id='word_1_44' title='bbox 408 857 618 942; x_wconf 85' lang='lat' dir='ltr'>praecedenti</span> <span class='ocrx_word' id='word_1_45' title='bbox 648 859 826 923; x_wconf 90' lang='lat' dir='ltr'>simillimus</span> <span class='ocrx_word' id='word_1_46' title='bbox 854 859 967 923; x_wconf 87' lang='lat' dir='ltr'>Bedas</span> <span class='ocrx_word' id='word_1_47' title='bbox 998 860 1115 924; x_wconf 87' lang='lat' dir='ltr'>librum</span> <span class='ocrx_word' id='word_1_48' title='bbox 1140 857 1180 922; x_wconf 93' lang='lat' dir='ltr'>de</span> <span class='ocrx_word' id='word_1_49' title='bbox 1210 859 1410 945; x_wconf 83' lang='lat' dir='ltr'>temporibus</span> <span class='ocrx_word' id='word_1_50' title='bbox 1441 859 1855 924; x_wconf 78' lang='lat' dir='ltr'>haberf.43—138itam</span> <span class='ocrx_word' id='word_1_51' title='bbox 1878 858 2064 924; x_wconf 90' lang='lat' dir='ltr'>distinctum</span> 
     </span>
     <span class='ocr_line' id='line_1_6' title="bbox 409 961 2066 1049; baseline 0.001 -26"><span class='ocrx_word' id='word_1_52' title='bbox 409 961 439 1024; x_wconf 94' lang='lat' dir='ltr'>in</span> <span class='ocrx_word' id='word_1_53' title='bbox 463 963 571 1046; x_wconf 89' lang='lat' dir='ltr'>capita</span> <span class='ocrx_word' id='word_1_54' title='bbox 586 962 692 1041; x_wconf 87' lang='lat' dir='ltr'>LXX,</span> <span class='ocrx_word' id='word_1_55' title='bbox 716 985 787 1027; x_wconf 91' lang='lat' dir='ltr'>cum</span> <span class='ocrx_word' id='word_1_56' title='bbox 813 962 913 1027; x_wconf 81' lang='lat' dir='ltr'>index</span> <span class='ocrx_word' id='word_1_57' title='bbox 938 964 1044 1048; x_wconf 87' lang='lat' dir='ltr'>capita</span> <span class='ocrx_word' id='word_1_58' title='bbox 1068 969 1217 1027; x_wconf 83' lang='lat' dir='ltr'>numeret</span> <span class='ocrx_word' id='word_1_59' title='bbox 1244 961 1382 1027; x_wconf 86' lang='lat' dir='ltr'>LXXII.</span> <span class='ocrx_word' id='word_1_60' title='bbox 1435 963 1678 1049; x_wconf 79' lang='lat' dir='ltr'>praescribitur:</span> <span class='ocrx_word' id='word_1_61' title='bbox 1710 963 1825 1043; x_wconf 71' lang='lat' dir='ltr'>incepit</span> <span class='ocrx_word' id='word_1_62' title='bbox 1854 962 1932 1028; x_wconf 71' lang='lat' dir='ltr'>leber</span> <span class='ocrx_word' id='word_1_63' title='bbox 1959 963 2066 1026; x_wconf 81' lang='lat' dir='ltr'>sancti</span> 
     </span>
     <span class='ocr_line' id='line_1_7' title="bbox 408 1062 2067 1152; baseline 0.002 -26"><span class='ocrx_word' id='word_1_64' title='bbox 408 1062 539 1127; x_wconf 78' lang='lat' dir='ltr'>Reduc-i</span> <span class='ocrx_word' id='word_1_65' title='bbox 555 1067 731 1146; x_wconf 79' lang='lat' dir='ltr'>presbiteri,</span> <span class='ocrx_word' id='word_1_66' title='bbox 756 1067 980 1132; x_wconf 82' lang='lat' dir='ltr'>subscribitur:</span> <span class='ocrx_word' id='word_1_67' title='bbox 1004 1065 1132 1147; x_wconf 70' lang='lat' dir='ltr'>esplecit</span> <span class='ocrx_word' id='word_1_68' title='bbox 1146 1067 1271 1130; x_wconf 67' lang='lat' dir='ltr'>maino</span> <span class='ocrx_word' id='word_1_69' title='bbox 1287 1067 1418 1132; x_wconf 76' lang='lat' dir='ltr'>iuvante</span> <span class='ocrx_word' id='word_1_70' title='bbox 1432 1067 1526 1131; x_wconf 86' lang='lat' dir='ltr'>Beda</span> <span class='ocrx_word' id='word_1_71' title='bbox 1541 1066 1616 1152; x_wconf 84' lang='lat' dir='ltr'>(sic)</span> <span class='ocrx_word' id='word_1_72' title='bbox 1634 1067 1806 1148; x_wconf 80' lang='lat' dir='ltr'>presbiteri</span> <span class='ocrx_word' id='word_1_73' title='bbox 1821 1067 1859 1130; x_wconf 85' lang='lat' dir='ltr'>de</span> <span class='ocrx_word' id='word_1_74' title='bbox 1874 1067 2067 1147; x_wconf 63' lang='lat' dir='ltr'>tenporibus</span> 
     </span>
     <span class='ocr_line' id='line_1_8' title="bbox 409 1165 2064 1256; baseline 0.004 -28"><span class='ocrx_word' id='word_1_75' title='bbox 409 1165 497 1233; x_wconf 81' lang='lat' dir='ltr'>liber.</span> <span class='ocrx_word' id='word_1_76' title='bbox 534 1190 633 1234; x_wconf 85' lang='lat' dir='ltr'>amen.</span> <span class='ocrx_word' id='word_1_77' title='bbox 680 1176 754 1256; x_wconf 91' lang='lat' dir='ltr'>post</span> <span class='ocrx_word' id='word_1_78' title='bbox 777 1191 817 1234; x_wconf 87' lang='lat' dir='ltr'>ea</span> <span class='ocrx_word' id='word_1_79' title='bbox 841 1191 922 1256; x_wconf 91' lang='lat' dir='ltr'>quae</span> <span class='ocrx_word' id='word_1_80' title='bbox 948 1169 988 1234; x_wconf 93' lang='lat' dir='ltr'>de</span> <span class='ocrx_word' id='word_1_81' title='bbox 1012 1170 1074 1234; x_wconf 90' lang='lat' dir='ltr'>hoc</span> <span class='ocrx_word' id='word_1_82' title='bbox 1096 1169 1179 1234; x_wconf 95' lang='lat' dir='ltr'>libro</span> <span class='ocrx_word' id='word_1_83' title='bbox 1203 1176 1424 1255; x_wconf 83' lang='lat' dir='ltr'>exposuerunt</span> <span class='ocrx_word' id='word_1_84' title='bbox 1447 1170 1533 1235; x_wconf 75' lang='lat' dir='ltr'>Jaffc</span> <span class='ocrx_word' id='word_1_85' title='bbox 1558 1178 1591 1235; x_wconf 91' lang='lat' dir='ltr'>et</span> <span class='ocrx_word' id='word_1_86' title='bbox 1606 1169 1732 1252; x_wconf 86' lang='lat' dir='ltr'>Waitz,</span> <span class='ocrx_word' id='word_1_87' title='bbox 1755 1171 1806 1235; x_wconf 88' lang='lat' dir='ltr'>hic</span> <span class='ocrx_word' id='word_1_88' title='bbox 1829 1169 1940 1235; x_wconf 91' lang='lat' dir='ltr'>addito</span> <span class='ocrx_word' id='word_1_89' title='bbox 1963 1170 2064 1256; x_wconf 90' lang='lat' dir='ltr'>scrip-</span> 
     </span>
     <span class='ocr_line' id='line_1_9' title="bbox 409 1272 1667 1361; baseline 0.002 -27"><span class='ocrx_word' id='word_1_90' title='bbox 409 1277 501 1335; x_wconf 88' lang='lat' dir='ltr'>turae</span> <span class='ocrx_word' id='word_1_91' title='bbox 526 1274 712 1356; x_wconf 81' lang='lat' dir='ltr'>specimine,</span> <span class='ocrx_word' id='word_1_92' title='bbox 735 1295 799 1338; x_wconf 90' lang='lat' dir='ltr'>non</span> <span class='ocrx_word' id='word_1_93' title='bbox 823 1295 903 1361; x_wconf 91' lang='lat' dir='ltr'>opus</span> <span class='ocrx_word' id='word_1_94' title='bbox 927 1280 977 1338; x_wconf 92' lang='lat' dir='ltr'>est</span> <span class='ocrx_word' id='word_1_95' title='bbox 999 1274 1092 1359; x_wconf 87' lang='lat' dir='ltr'>plura</span> <span class='ocrx_word' id='word_1_96' title='bbox 1114 1272 1246 1339; x_wconf 87' lang='lat' dir='ltr'>addere.</span> <span class='ocrx_word' id='word_1_97' title='bbox 1292 1273 1410 1339; x_wconf 92' lang='lat' dir='ltr'>librum</span> <span class='ocrx_word' id='word_1_98' title='bbox 1432 1273 1565 1339; x_wconf 84' lang='lat' dir='ltr'>adhibui</span> <span class='ocrx_word' id='word_1_99' title='bbox 1588 1275 1667 1360; x_wconf 91' lang='lat' dir='ltr'>ipse.</span> 
     </span>
    </p>

    <p class='ocr_par' dir='ltr' id='par_1_3' title="bbox 291 1375 2067 2815">
     <span class='ocr_line' id='line_1_10' title="bbox 291 1375 2064 1464; baseline 0.005 -32"><span class='ocrx_word' id='word_1_100' title='bbox 291 1391 400 1444; x_wconf 63' lang='lat' dir='ltr'>sacam.</span> <span class='ocrx_word' id='word_1_101' title='bbox 513 1379 542 1439; x_wconf 89' lang='lat'>3.</span> <span class='ocrx_word' id='word_1_102' title='bbox 573 1375 775 1442; x_wconf 82' lang='lat' dir='ltr'>Monacensis</span> <span class='ocrx_word' id='word_1_103' title='bbox 805 1379 877 1442; x_wconf 88' lang='lat' dir='ltr'>Lat.</span> <span class='ocrx_word' id='word_1_104' title='bbox 901 1399 931 1442; x_wconf 92' lang='lat' dir='ltr'>n.</span> <span class='ocrx_word' id='word_1_105' title='bbox 948 1381 1019 1441; x_wconf 75' lang='grc' dir='ltr'>246Ι</span> <span class='ocrx_word' id='word_1_106' title='bbox 1037 1398 1121 1442; x_wconf 90' lang='lat' dir='ltr'>saec.</span> <span class='ocrx_word' id='word_1_107' title='bbox 1138 1375 1202 1455; x_wconf 89' lang='lat' dir='ltr'>IX,</span> <span class='ocrx_word' id='word_1_108' title='bbox 1235 1383 1333 1441; x_wconf 88' lang='lat' dir='ltr'>antea</span> <span class='ocrx_word' id='word_1_109' title='bbox 1361 1376 1553 1442; x_wconf 84' lang='lat' dir='ltr'>Hartmanni</span> <span class='ocrx_word' id='word_1_110' title='bbox 1586 1376 1765 1459; x_wconf 83' lang='lat' dir='ltr'>Schedelii,</span> <span class='ocrx_word' id='word_1_111' title='bbox 1802 1376 1975 1464; x_wconf 89' lang='lat' dir='ltr'>diligenter</span> <span class='ocrx_word' id='word_1_112' title='bbox 2005 1376 2064 1441; x_wconf 92' lang='lat' dir='ltr'>de·</span> 
     </span>
     <span class='ocr_line' id='line_1_11' title="bbox 410 1479 2064 1566; baseline 0.001 -23"><span class='ocrx_word' id='word_1_113' title='bbox 410 1479 546 1566; x_wconf 89' lang='lat' dir='ltr'>scriptue</span> <span class='ocrx_word' id='word_1_114' title='bbox 579 1487 629 1544; x_wconf 90' lang='lat' dir='ltr'>est</span> <span class='ocrx_word' id='word_1_115' title='bbox 659 1502 731 1545; x_wconf 92' lang='lat' dir='ltr'>cum</span> <span class='ocrx_word' id='word_1_116' title='bbox 764 1503 784 1545; x_wconf 84' lang='lat' dir='ltr'>a</span> <span class='ocrx_word' id='word_1_117' title='bbox 814 1481 979 1546; x_wconf 91' lang='lat' dir='ltr'>Bemardo</span> <span class='ocrx_word' id='word_1_118' title='bbox 1012 1481 1139 1546; x_wconf 81' lang='lat' dir='ltr'>Simeon</span> <span class='ocrx_word' id='word_1_119' title='bbox 1172 1481 1399 1562; x_wconf 79' lang='lat' dir='ltr'>Forscbanyea</span> <span class='ocrx_word' id='word_1_120' title='bbox 1428 1502 1487 1545; x_wconf 83' lang='lat' dir='ltr'>eur</span> <span class='ocrx_word' id='word_1_121' title='bbox 1515 1482 1682 1547; x_wconf 72' lang='lat' dir='ltr'>deutschen</span> <span class='ocrx_word' id='word_1_122' title='bbox 1719 1480 1901 1546; x_wconf 80' lang='lat' dir='ltr'>Gesebr&#39;cbte</span> <span class='ocrx_word' id='word_1_123' title='bbox 1934 1481 1996 1545; x_wconf 89' lang='lat' dir='ltr'>vol.</span> <span class='ocrx_word' id='word_1_124' title='bbox 2027 1484 2064 1543; x_wconf 86' lang='grc'>19</span> 
     </span>
     <span class='ocr_line' id='line_1_12' title="bbox 411 1583 2066 1673; baseline 0.003 -28"><span class='ocrx_word' id='word_1_125' title='bbox 411 1583 523 1668; x_wconf 82' lang='grc'>(1879)</span> <span class='ocrx_word' id='word_1_126' title='bbox 548 1605 578 1669; x_wconf 93' lang='lat' dir='ltr'>p.</span> <span class='ocrx_word' id='word_1_127' title='bbox 596 1588 636 1647; x_wconf 86' lang='grc'>97</span> <span class='ocrx_word' id='word_1_128' title='bbox 650 1606 718 1671; x_wconf 89' lang='lat' dir='ltr'>seq.</span> <span class='ocrx_word' id='word_1_129' title='bbox 746 1593 813 1650; x_wconf 90' lang='lat' dir='ltr'>tum</span> <span class='ocrx_word' id='word_1_130' title='bbox 841 1585 1021 1650; x_wconf 84' lang='lat' dir='ltr'>aWaitzio</span> <span class='ocrx_word' id='word_1_131' title='bbox 1052 1586 1073 1650; x_wconf 88' lang='lat' dir='ltr'>l.</span> <span class='ocrx_word' id='word_1_132' title='bbox 1096 1607 1137 1664; x_wconf 91' lang='lat' dir='ltr'>c.,</span> <span class='ocrx_word' id='word_1_133' title='bbox 1169 1586 1222 1670; x_wconf 93' lang='lat' dir='ltr'>qui</span> <span class='ocrx_word' id='word_1_134' title='bbox 1252 1586 1331 1650; x_wconf 91' lang='lat' dir='ltr'>item</span> <span class='ocrx_word' id='word_1_135' title='bbox 1360 1584 1485 1650; x_wconf 90' lang='lat' dir='ltr'>addidit</span> <span class='ocrx_word' id='word_1_136' title='bbox 1514 1587 1692 1673; x_wconf 81' lang='lat' dir='ltr'>scripturae</span> <span class='ocrx_word' id='word_1_137' title='bbox 1720 1586 1893 1670; x_wconf 87' lang='lat' dir='ltr'>specimen.</span> <span class='ocrx_word' id='word_1_138' title='bbox 1938 1585 2066 1650; x_wconf 88' lang='lat' dir='ltr'>libera</span> 
     </span>
     <span class='ocr_line' id='line_1_13' title="bbox 409 1687 2066 1776; baseline 0.001 -25"><span class='ocrx_word' id='word_1_139' title='bbox 409 1687 681 1773; x_wconf 83' lang='lat' dir='ltr'>praecedentibus</span> <span class='ocrx_word' id='word_1_140' title='bbox 709 1688 834 1754; x_wconf 91' lang='lat' dir='ltr'>duobus</span> <span class='ocrx_word' id='word_1_141' title='bbox 863 1711 903 1754; x_wconf 90' lang='lat' dir='ltr'>eo</span> <span class='ocrx_word' id='word_1_142' title='bbox 932 1691 1060 1754; x_wconf 88' lang='lat' dir='ltr'>nomine</span> <span class='ocrx_word' id='word_1_143' title='bbox 1093 1689 1215 1770; x_wconf 83' lang='lat' dir='ltr'>differt,</span> <span class='ocrx_word' id='word_1_144' title='bbox 1252 1689 1339 1775; x_wconf 91' lang='lat' dir='ltr'>quod</span> <span class='ocrx_word' id='word_1_145' title='bbox 1372 1709 1437 1754; x_wconf 90' lang='lat' dir='ltr'>non</span> <span class='ocrx_word' id='word_1_146' title='bbox 1465 1692 1627 1776; x_wconf 89' lang='lat' dir='ltr'>integrum</span> <span class='ocrx_word' id='word_1_147' title='bbox 1656 1687 1768 1754; x_wconf 90' lang='lat' dir='ltr'>Bedae</span> <span class='ocrx_word' id='word_1_148' title='bbox 1798 1687 1838 1753; x_wconf 87' lang='lat' dir='ltr'>de</span> <span class='ocrx_word' id='word_1_149' title='bbox 1862 1688 2066 1775; x_wconf 88' lang='lat' dir='ltr'>temporibus</span> 
     </span>
     <span class='ocr_line' id='line_1_14' title="bbox 409 1788 2063 1880; baseline 0.001 -25"><span class='ocrx_word' id='word_1_150' title='bbox 409 1791 526 1855; x_wconf 92' lang='lat' dir='ltr'>librum</span> <span class='ocrx_word' id='word_1_151' title='bbox 550 1793 708 1874; x_wconf 89' lang='lat' dir='ltr'>continet,</span> <span class='ocrx_word' id='word_1_152' title='bbox 735 1793 793 1856; x_wconf 88' lang='lat' dir='ltr'>sed</span> <span class='ocrx_word' id='word_1_153' title='bbox 816 1800 940 1858; x_wconf 92' lang='lat' dir='ltr'>tantum</span> <span class='ocrx_word' id='word_1_154' title='bbox 964 1800 1090 1880; x_wconf 88' lang='lat' dir='ltr'>partem</span> <span class='ocrx_word' id='word_1_155' title='bbox 1116 1800 1295 1859; x_wconf 87' lang='lat' dir='ltr'>extremam</span> <span class='ocrx_word' id='word_1_156' title='bbox 1319 1794 1340 1858; x_wconf 85' lang='lat' dir='ltr'>f.</span> <span class='ocrx_word' id='word_1_157' title='bbox 1358 1788 1445 1859; x_wconf 84' lang='grc'>8’-1</span> <span class='ocrx_word' id='word_1_158' title='bbox 1460 1797 1506 1874; x_wconf 83' lang='lat'>13,</span> <span class='ocrx_word' id='word_1_159' title='bbox 1531 1794 1653 1858; x_wconf 88' lang='lat' dir='ltr'>scilicet</span> <span class='ocrx_word' id='word_1_160' title='bbox 1675 1793 1750 1857; x_wconf 90' lang='lat' dir='ltr'>inde</span> <span class='ocrx_word' id='word_1_161' title='bbox 1774 1793 1926 1874; x_wconf 88' lang='lat' dir='ltr'>averbie,</span> <span class='ocrx_word' id='word_1_162' title='bbox 1949 1815 1969 1855; x_wconf 89' lang='lat' dir='ltr'>a</span> <span class='ocrx_word' id='word_1_163' title='bbox 1992 1793 2063 1877; x_wconf 88' lang='lat' dir='ltr'>qui-</span> 
     </span>
     <span class='ocr_line' id='line_1_15' title="bbox 410 1894 2064 1984; baseline 0.001 -26"><span class='ocrx_word' id='word_1_164' title='bbox 410 1894 469 1958; x_wconf 92' lang='lat' dir='ltr'>bus</span> <span class='ocrx_word' id='word_1_165' title='bbox 493 1895 642 1959; x_wconf 90' lang='lat' dir='ltr'>chronica</span> <span class='ocrx_word' id='word_1_166' title='bbox 664 1896 828 1982; x_wconf 91' lang='lat' dir='ltr'>incipiunt,</span> <span class='ocrx_word' id='word_1_167' title='bbox 853 1897 960 1960; x_wconf 71' lang='lat' dir='ltr'>aaa</span> <span class='ocrx_word' id='word_1_168' title='bbox 986 1918 1145 1962; x_wconf 79' lang='lat' dir='ltr'>carorum</span> <span class='ocrx_word' id='word_1_169' title='bbox 1165 1895 1292 1962; x_wconf 78' lang='lat' dir='ltr'><em>CXXX</em></span> <span class='ocrx_word' id='word_1_170' title='bbox 1312 1919 1415 1984; x_wconf 90' lang='lat' dir='ltr'>usque</span> <span class='ocrx_word' id='word_1_171' title='bbox 1439 1897 1600 1962; x_wconf 87' lang='lat' dir='ltr'>adfinem</span> <span class='ocrx_word' id='word_1_172' title='bbox 1617 1895 1919 1976; x_wconf 70' lang='lat' dir='ltr'>aoer&#39;prcrepalmom.</span> <span class='ocrx_word' id='word_1_173' title='bbox 1968 1917 2064 1981; x_wconf 90' lang='lat' dir='ltr'>prae-</span> 
     </span>
     <span class='ocr_line' id='line_1_16' title="bbox 409 1999 2065 2084; baseline 0.001 -22"><span class='ocrx_word' id='word_1_174' title='bbox 409 1999 540 2084; x_wconf 87' lang='lat' dir='ltr'>scriptio</span> <span class='ocrx_word' id='word_1_175' title='bbox 570 2000 617 2063; x_wconf 92' lang='lat' dir='ltr'>ita</span> <span class='ocrx_word' id='word_1_176' title='bbox 646 2000 785 2064; x_wconf 84' lang='lat' dir='ltr'>formata</span> <span class='ocrx_word' id='word_1_177' title='bbox 813 2007 878 2064; x_wconf 88' lang='lat' dir='ltr'>est:</span> <span class='ocrx_word' id='word_1_178' title='bbox 914 2001 1028 2081; x_wconf 66' lang='lat' dir='ltr'>incutit</span> <span class='ocrx_word' id='word_1_179' title='bbox 1058 2000 1136 2066; x_wconf 79' lang='lat' dir='ltr'>liber</span> <span class='ocrx_word' id='word_1_180' title='bbox 1158 1999 1377 2066; x_wconf 78' lang='lat' dir='ltr'>chronicorum</span> <span class='ocrx_word' id='word_1_181' title='bbox 1406 2024 1444 2066; x_wconf 77' lang='lat' dir='ltr'>ea</span> <span class='ocrx_word' id='word_1_182' title='bbox 1474 2001 1608 2065; x_wconf 80' lang='lat' dir='ltr'>diversis</span> <span class='ocrx_word' id='word_1_183' title='bbox 1629 1999 1791 2084; x_wconf 68' lang='lat' dir='ltr'>opusculis</span> <span class='ocrx_word' id='word_1_184' title='bbox 1813 2005 1980 2064; x_wconf 71' lang='lat' dir='ltr'>ausimum</span> <span class='ocrx_word' id='word_1_185' title='bbox 2003 1999 2065 2064; x_wconf 86' lang='lat' dir='ltr'>ccl·</span> 
     </span>
     <span class='ocr_line' id='line_1_17' title="bbox 409 2092 2065 2191; baseline 0.001 -26"><span class='ocrx_word' id='word_1_186' title='bbox 409 2101 521 2166; x_wconf 84' lang='lat' dir='ltr'>lectura</span> <span class='ocrx_word' id='word_1_187' title='bbox 543 2105 579 2166; x_wconf 82' lang='lat' dir='ltr'>irs</span> <span class='ocrx_word' id='word_1_188' title='bbox 600 2124 710 2180; x_wconf 81' lang='lat' dir='ltr'>unam,</span> <span class='ocrx_word' id='word_1_189' title='bbox 735 2105 861 2169; x_wconf 89' lang='lat' dir='ltr'>sublato</span> <span class='ocrx_word' id='word_1_190' title='bbox 884 2105 997 2170; x_wconf 91' lang='lat' dir='ltr'>Bedae</span> <span class='ocrx_word' id='word_1_191' title='bbox 1020 2107 1161 2185; x_wconf 89' lang='lat' dir='ltr'>nomine,</span> <span class='ocrx_word' id='word_1_192' title='bbox 1185 2105 1243 2170; x_wconf 91' lang='lat' dir='ltr'>eed</span> <span class='ocrx_word' id='word_1_193' title='bbox 1266 2106 1420 2170; x_wconf 86' lang='lat' dir='ltr'>remansit</span> <span class='ocrx_word' id='word_1_194' title='bbox 1442 2106 1474 2169; x_wconf 91' lang='lat' dir='ltr'>in</span> <span class='ocrx_word' id='word_1_195' title='bbox 1497 2105 1746 2191; x_wconf 89' lang='lat' dir='ltr'>subscriptione:</span> <span class='ocrx_word' id='word_1_196' title='bbox 1772 2092 1844 2187; x_wconf 67' lang='lat' dir='ltr'>cept</span> <span class='ocrx_word' id='word_1_197' title='bbox 1864 2103 1990 2168; x_wconf 75' lang='lat' dir='ltr'>domim</span> <span class='ocrx_word' id='word_1_198' title='bbox 2014 2105 2065 2167; x_wconf 83' lang='lat' dir='ltr'>iu-</span> 
     </span>
     <span class='ocr_line' id='line_1_18' title="bbox 409 2196 2067 2295; baseline 0.001 -26"><span class='ocrx_word' id='word_1_199' title='bbox 409 2211 501 2270; x_wconf 82' lang='lat' dir='ltr'>vante</span> <span class='ocrx_word' id='word_1_200' title='bbox 516 2207 614 2271; x_wconf 82' lang='lat' dir='ltr'>Bada</span> <span class='ocrx_word' id='word_1_201' title='bbox 632 2207 706 2294; x_wconf 88' lang='lat' dir='ltr'>(sic)</span> <span class='ocrx_word' id='word_1_202' title='bbox 719 2196 796 2292; x_wconf 60' lang='lat' dir='ltr'><em>W</em></span> <span class='ocrx_word' id='word_1_203' title='bbox 816 2211 853 2274; x_wconf 85' lang='lat' dir='ltr'>de</span> <span class='ocrx_word' id='word_1_204' title='bbox 876 2210 1066 2290; x_wconf 80' lang='lat' dir='ltr'>tempor-ihus</span> <span class='ocrx_word' id='word_1_205' title='bbox 1081 2209 1166 2274; x_wconf 84' lang='lat' dir='ltr'>liber.</span> <span class='ocrx_word' id='word_1_206' title='bbox 1205 2231 1266 2272; x_wconf 89' lang='lat' dir='ltr'>am.</span> <span class='ocrx_word' id='word_1_207' title='bbox 1314 2210 1471 2278; x_wconf 89' lang='lat' dir='ltr'>chronicis</span> <span class='ocrx_word' id='word_1_208' title='bbox 1486 2208 1598 2274; x_wconf 88' lang='lat' dir='ltr'>Bedae</span> <span class='ocrx_word' id='word_1_209' title='bbox 1616 2209 1812 2295; x_wconf 90' lang='lat' dir='ltr'>praemissae</span> <span class='ocrx_word' id='word_1_210' title='bbox 1829 2215 1903 2272; x_wconf 91' lang='lat' dir='ltr'>eunt</span> <span class='ocrx_word' id='word_1_211' title='bbox 1919 2209 2067 2294; x_wconf 88' lang='lat' dir='ltr'>(praeter</span> 
     </span>
     <span class='ocr_line' id='line_1_19' title="bbox 408 2310 2067 2395; baseline 0.001 -22"><span class='ocrx_word' id='word_1_212' title='bbox 408 2311 512 2395; x_wconf 90' lang='lat' dir='ltr'>prima</span> <span class='ocrx_word' id='word_1_213' title='bbox 540 2311 761 2377; x_wconf 90' lang='lat' dir='ltr'>chronicorum</span> <span class='ocrx_word' id='word_1_214' title='bbox 794 2315 862 2378; x_wconf 90' lang='lat' dir='ltr'>eius</span> <span class='ocrx_word' id='word_1_215' title='bbox 890 2314 991 2377; x_wconf 84' lang='lat' dir='ltr'>verba</span> <span class='ocrx_word' id='word_1_216' title='bbox 1019 2336 1045 2378; x_wconf 87' lang='lat' dir='ltr'>c.</span> <span class='ocrx_word' id='word_1_217' title='bbox 1067 2318 1115 2395; x_wconf 85' lang='lat'>10,</span> <span class='ocrx_word' id='word_1_218' title='bbox 1139 2319 1167 2376; x_wconf 88' lang='lat' dir='ltr'>t:</span> <span class='ocrx_word' id='word_1_219' title='bbox 1199 2313 1306 2376; x_wconf 81' lang='lat' dir='ltr'>Adam</span> <span class='ocrx_word' id='word_1_220' title='bbox 1334 2333 1493 2377; x_wconf 78' lang='lat' dir='ltr'>canoram</span> <span class='ocrx_word' id='word_1_221' title='bbox 1519 2312 1647 2378; x_wconf 77' lang='lat' dir='ltr'><strong><em>CXXX</em></strong></span> <span class='ocrx_word' id='word_1_222' title='bbox 1677 2363 1747 2378; x_wconf 92' lang='lat'>...</span> <span class='ocrx_word' id='word_1_223' title='bbox 1778 2318 1872 2394; x_wconf 74' lang='lat' dir='ltr'>cra,</span> <span class='ocrx_word' id='word_1_224' title='bbox 1895 2316 1931 2376; x_wconf 83' lang='lat'>13</span> <span class='ocrx_word' id='word_1_225' title='bbox 1955 2310 2067 2393; x_wconf 77' lang='lat' dir='ltr'>poterit</span> 
     </span>
     <span class='ocr_line' id='line_1_20' title="bbox 409 2414 2065 2504; baseline 0.002 -28"><span class='ocrx_word' id='word_1_226' title='bbox 409 2414 535 2493; x_wconf 77' lang='lat' dir='ltr'>quidem</span> <span class='ocrx_word' id='word_1_227' title='bbox 562 2416 705 2480; x_wconf 81' lang='lat' dir='ltr'>accedere</span> <span class='ocrx_word' id='word_1_228' title='bbox 736 2438 844 2482; x_wconf 89' lang='lat' dir='ltr'>errore</span> <span class='ocrx_word' id='word_1_229' title='bbox 873 2418 994 2482; x_wconf 90' lang='lat' dir='ltr'>librarii</span> <span class='ocrx_word' id='word_1_230' title='bbox 1020 2424 1057 2481; x_wconf 90' lang='lat' dir='ltr'>ut</span> <span class='ocrx_word' id='word_1_231' title='bbox 1085 2417 1213 2481; x_wconf 88' lang='lat' dir='ltr'>videtur</span> <span class='ocrx_word' id='word_1_232' title='bbox 1242 2419 1274 2480; x_wconf 88' lang='lat' dir='ltr'>iu</span> <span class='ocrx_word' id='word_1_233' title='bbox 1302 2418 1372 2504; x_wconf 91' lang='lat' dir='ltr'>ipso</span> <span class='ocrx_word' id='word_1_234' title='bbox 1402 2418 1558 2503; x_wconf 90' lang='lat' dir='ltr'>principio</span> <span class='ocrx_word' id='word_1_235' title='bbox 1581 2418 1752 2482; x_wconf 82' lang='lat' dir='ltr'>voluminis</span> <span class='ocrx_word' id='word_1_236' title='bbox 1775 2418 1945 2500; x_wconf 85' lang='lat' dir='ltr'>collocata)</span> <span class='ocrx_word' id='word_1_237' title='bbox 1968 2437 2065 2502; x_wconf 88' lang='lat' dir='ltr'>prae·</span> 
     </span>
     <span class='ocr_line' id='line_1_21' title="bbox 409 2518 2065 2607; baseline 0.002 -26"><span class='ocrx_word' id='word_1_238' title='bbox 409 2518 548 2583; x_wconf 81' lang='lat' dir='ltr'>tationes</span> <span class='ocrx_word' id='word_1_239' title='bbox 571 2526 652 2602; x_wconf 86' lang='lat' dir='ltr'>tres,</span> <span class='ocrx_word' id='word_1_240' title='bbox 680 2522 802 2586; x_wconf 89' lang='lat' dir='ltr'>scilicet</span> <span class='ocrx_word' id='word_1_241' title='bbox 830 2521 1051 2586; x_wconf 89' lang='lat' dir='ltr'>chronicorum</span> <span class='ocrx_word' id='word_1_242' title='bbox 1074 2522 1265 2606; x_wconf 86' lang='lat' dir='ltr'>Hieronymi</span> <span class='ocrx_word' id='word_1_243' title='bbox 1288 2521 1472 2586; x_wconf 83' lang='lat' dir='ltr'>Eusebiana</span> <span class='ocrx_word' id='word_1_244' title='bbox 1502 2529 1535 2586; x_wconf 90' lang='lat' dir='ltr'>et</span> <span class='ocrx_word' id='word_1_245' title='bbox 1561 2521 1674 2586; x_wconf 90' lang='lat' dir='ltr'>Bedae</span> <span class='ocrx_word' id='word_1_246' title='bbox 1702 2522 1776 2586; x_wconf 90' lang='lat' dir='ltr'>libri</span> <span class='ocrx_word' id='word_1_247' title='bbox 1799 2521 1840 2586; x_wconf 93' lang='lat' dir='ltr'>de</span> <span class='ocrx_word' id='word_1_248' title='bbox 1864 2521 2065 2607; x_wconf 86' lang='lat' dir='ltr'>temporibus</span> 
     </span>
     <span class='ocr_line' id='line_1_22' title="bbox 410 2622 2066 2710; baseline 0.002 -25"><span class='ocrx_word' id='word_1_249' title='bbox 410 2624 557 2704; x_wconf 89' lang='lat' dir='ltr'>maioris,</span> <span class='ocrx_word' id='word_1_250' title='bbox 592 2626 642 2689; x_wconf 89' lang='lat' dir='ltr'>oui</span> <span class='ocrx_word' id='word_1_251' title='bbox 674 2625 917 2710; x_wconf 88' lang='lat' dir='ltr'>praescribitur:</span> <span class='ocrx_word' id='word_1_252' title='bbox 951 2626 1111 2706; x_wconf 69' lang='lat' dir='ltr'>praefatio</span> <span class='ocrx_word' id='word_1_253' title='bbox 1139 2626 1244 2689; x_wconf 73' lang='lat' dir='ltr'>sarrctr?</span> <span class='ocrx_word' id='word_1_254' title='bbox 1269 2624 1400 2688; x_wconf 84' lang='lat' dir='ltr'>Bedcai</span> <span class='ocrx_word' id='word_1_255' title='bbox 1427 2625 1596 2704; x_wconf 70' lang='lat' dir='ltr'>presbiteri</span> <span class='ocrx_word' id='word_1_256' title='bbox 1630 2631 1664 2689; x_wconf 92' lang='lat' dir='ltr'>et</span> <span class='ocrx_word' id='word_1_257' title='bbox 1698 2624 1918 2690; x_wconf 89' lang='lat' dir='ltr'>chronicorum</span> <span class='ocrx_word' id='word_1_258' title='bbox 1949 2622 2066 2689; x_wconf 88' lang='lat' dir='ltr'>Isidori</span> 
     </span>
     <span class='ocr_line' id='line_1_23' title="bbox 409 2728 1013 2815; baseline 0.002 -24"><span class='ocrx_word' id='word_1_259' title='bbox 409 2728 576 2792; x_wconf 90' lang='lat' dir='ltr'>maiorum.</span> <span class='ocrx_word' id='word_1_260' title='bbox 620 2730 771 2814; x_wconf 86' lang='lat' dir='ltr'>usurpavi</span> <span class='ocrx_word' id='word_1_261' title='bbox 794 2730 911 2794; x_wconf 90' lang='lat' dir='ltr'>librum</span> <span class='ocrx_word' id='word_1_262' title='bbox 935 2730 1013 2815; x_wconf 88' lang='lat' dir='ltr'>ipse.</span> 
     </span>
    </p>

    <p class='ocr_par' dir='ltr' id='par_1_4' title="bbox 410 2829 2064 3106">
     <span class='ocr_line' id='line_1_24' title="bbox 515 2829 2063 2919; baseline 0.001 -25"><span class='ocrx_word' id='word_1_263' title='bbox 515 2836 543 2894; x_wconf 88' lang='grc'>4.</span> <span class='ocrx_word' id='word_1_264' title='bbox 575 2829 703 2895; x_wconf 85' lang='lat' dir='ltr'>Oodicis</span> <span class='ocrx_word' id='word_1_265' title='bbox 732 2832 765 2897; x_wconf 81' lang='lat' dir='ltr'>S.</span> <span class='ocrx_word' id='word_1_266' title='bbox 788 2832 956 2897; x_wconf 86' lang='lat' dir='ltr'>Maximini</span> <span class='ocrx_word' id='word_1_267' title='bbox 987 2833 1195 2896; x_wconf 84' lang='lat' dir='ltr'>Treverensie</span> <span class='ocrx_word' id='word_1_268' title='bbox 1229 2833 1338 2918; x_wconf 91' lang='lat' dir='ltr'>scripti</span> <span class='ocrx_word' id='word_1_269' title='bbox 1370 2853 1455 2896; x_wconf 90' lang='lat' dir='ltr'>saec.</span> <span class='ocrx_word' id='word_1_270' title='bbox 1473 2833 1522 2896; x_wconf 84' lang='grc' dir='ltr'>[Χ</span> <span class='ocrx_word' id='word_1_271' title='bbox 1553 2834 1616 2897; x_wconf 87' lang='lat' dir='ltr'>ianr</span> <span class='ocrx_word' id='word_1_272' title='bbox 1650 2832 1812 2919; x_wconf 88' lang='lat' dir='ltr'>deperditi</span> <span class='ocrx_word' id='word_1_273' title='bbox 1845 2838 1969 2918; x_wconf 87' lang='lat' dir='ltr'>partem</span> <span class='ocrx_word' id='word_1_274' title='bbox 2005 2855 2063 2896; x_wconf 88' lang='lat' dir='ltr'>ox-</span> 
     </span>
     <span class='ocr_line' id='line_1_25' title="bbox 411 2935 2064 3024; baseline 0.001 -26"><span class='ocrx_word' id='word_1_275' title='bbox 411 2942 547 2999; x_wconf 88' lang='lat' dir='ltr'>tremam</span> <span class='ocrx_word' id='word_1_276' title='bbox 576 2935 617 2998; x_wconf 88' lang='lat' dir='ltr'>ab</span> <span class='ocrx_word' id='word_1_277' title='bbox 650 2957 679 3000; x_wconf 91' lang='lat' dir='ltr'>a.</span> <span class='ocrx_word' id='word_1_278' title='bbox 703 2958 733 3023; x_wconf 86' lang='lat' dir='ltr'>p.</span> <span class='ocrx_word' id='word_1_279' title='bbox 757 2935 831 3002; x_wconf 81' lang='lat' dir='ltr'>our.</span> <span class='ocrx_word' id='word_1_280' title='bbox 850 2941 911 3000; x_wconf 83' lang='lat'>710</span> <span class='ocrx_word' id='word_1_281' title='bbox 940 2938 1080 3001; x_wconf 87' lang='lat' dir='ltr'>servavit</span> <span class='ocrx_word' id='word_1_282' title='bbox 1114 2936 1337 3022; x_wconf 80' lang='lat' dir='ltr'>apographum</span> <span class='ocrx_word' id='word_1_283' title='bbox 1371 2935 1616 3000; x_wconf 88' lang='lat' dir='ltr'>aWilthcimio</span> <span class='ocrx_word' id='word_1_284' title='bbox 1650 2945 1812 3024; x_wconf 90' lang='lat' dir='ltr'>sumptum</span> <span class='ocrx_word' id='word_1_285' title='bbox 1845 2936 2064 3001; x_wconf 87' lang='lat' dir='ltr'>bibliothecae</span> 
     </span>
     <span class='ocr_line' id='line_1_26' title="bbox 410 3040 1220 3106; baseline 0.001 -3"><span class='ocrx_word' id='word_1_286' title='bbox 410 3040 632 3104; x_wconf 86' lang='lat' dir='ltr'>Bruxeliensis</span> <span class='ocrx_word' id='word_1_287' title='bbox 655 3043 806 3105; x_wconf 81' lang='lat' dir='ltr'>n.17351</span> <span class='ocrx_word' id='word_1_288' title='bbox 833 3041 1012 3105; x_wconf 91' lang='lat' dir='ltr'>adhibitum</span> <span class='ocrx_word' id='word_1_289' title='bbox 1035 3040 1220 3106; x_wconf 86' lang='lat' dir='ltr'>aWaitzio.</span> 
     </span>
    </p>

    <p class='ocr_par' dir='ltr' id='par_1_5' title="bbox 411 3143 2064 3315">
     <span class='ocr_line' id='line_1_27' title="bbox 516 3143 2064 3232; baseline -0.001 -24"><span class='ocrx_word' id='word_1_290' title='bbox 516 3143 749 3210; x_wconf 81' lang='lat' dir='ltr'>Chronicorum</span> <span class='ocrx_word' id='word_1_291' title='bbox 765 3146 1055 3228; x_wconf 87' lang='lat' dir='ltr'>Moieeiaceneiurn,</span> <span class='ocrx_word' id='word_1_292' title='bbox 1081 3167 1163 3232; x_wconf 87' lang='lat' dir='ltr'>quae</span> <span class='ocrx_word' id='word_1_293' title='bbox 1186 3165 1306 3230; x_wconf 88' lang='lat' dir='ltr'>magna</span> <span class='ocrx_word' id='word_1_294' title='bbox 1331 3165 1373 3209; x_wconf 86' lang='lat' dir='ltr'>ex</span> <span class='ocrx_word' id='word_1_295' title='bbox 1396 3153 1489 3231; x_wconf 90' lang='lat' dir='ltr'>parte</span> <span class='ocrx_word' id='word_1_296' title='bbox 1513 3165 1555 3209; x_wconf 84' lang='lat' dir='ltr'>ex</span> <span class='ocrx_word' id='word_1_297' title='bbox 1578 3145 1639 3209; x_wconf 88' lang='lat' dir='ltr'>hac</span> <span class='ocrx_word' id='word_1_298' title='bbox 1661 3146 1888 3230; x_wconf 85' lang='lat' dir='ltr'>compilatione</span> <span class='ocrx_word' id='word_1_299' title='bbox 1911 3144 2064 3232; x_wconf 88' lang='lat' dir='ltr'>pendent,</span> 
     </span>
     <span class='ocr_line' id='line_1_28' title="bbox 411 3246 1378 3315; baseline 0.002 -3"><span class='ocrx_word' id='word_1_300' title='bbox 411 3246 556 3313; x_wconf 90' lang='lat' dir='ltr'>codicem</span> <span class='ocrx_word' id='word_1_301' title='bbox 579 3249 759 3314; x_wconf 89' lang='lat' dir='ltr'>Parisinum</span> <span class='ocrx_word' id='word_1_302' title='bbox 782 3273 812 3315; x_wconf 91' lang='lat' dir='ltr'>n.</span> <span class='ocrx_word' id='word_1_303' title='bbox 831 3253 914 3315; x_wconf 83' lang='grc'>4886</span> <span class='ocrx_word' id='word_1_304' title='bbox 939 3250 1025 3314; x_wconf 92' lang='lat' dir='ltr'>idem</span> <span class='ocrx_word' id='word_1_305' title='bbox 1047 3249 1199 3314; x_wconf 87' lang='lat' dir='ltr'>Waitzius</span> <span class='ocrx_word' id='word_1_306' title='bbox 1222 3249 1378 3314; x_wconf 90' lang='lat' dir='ltr'>adhibuit.</span> 
     </span>
    </p>

    <p class='ocr_par' dir='ltr' id='par_1_6' title="bbox 410 3349 2065 3544">
     <span class='ocr_line' id='line_1_29' title="bbox 514 3349 2065 3439; baseline -0.001 -24"><span class='ocrx_word' id='word_1_307' title='bbox 514 3353 602 3418; x_wconf 87' lang='lat' dir='ltr'>Libri</span> <span class='ocrx_word' id='word_1_308' title='bbox 625 3354 671 3418; x_wconf 95' lang='lat' dir='ltr'>illi</span> <span class='ocrx_word' id='word_1_309' title='bbox 693 3362 760 3418; x_wconf 91' lang='lat' dir='ltr'>tres</span> <span class='ocrx_word' id='word_1_310' title='bbox 784 3354 870 3438; x_wconf 89' lang='lat' dir='ltr'>(nam</span> <span class='ocrx_word' id='word_1_311' title='bbox 889 3353 929 3418; x_wconf 90' lang='lat' dir='ltr'>de</span> <span class='ocrx_word' id='word_1_312' title='bbox 946 3353 1138 3418; x_wconf 83' lang='lat' dir='ltr'>Treverensi</span> <span class='ocrx_word' id='word_1_313' title='bbox 1161 3374 1274 3439; x_wconf 90' lang='lat' dir='ltr'>parum</span> <span class='ocrx_word' id='word_1_314' title='bbox 1299 3357 1437 3430; x_wconf 84' lang='lat' dir='ltr'>constat)</span> <span class='ocrx_word' id='word_1_315' title='bbox 1454 3359 1489 3416; x_wconf 92' lang='lat' dir='ltr'>ut</span> <span class='ocrx_word' id='word_1_316' title='bbox 1512 3353 1579 3416; x_wconf 93' lang='lat' dir='ltr'>eine</span> <span class='ocrx_word' id='word_1_317' title='bbox 1602 3351 1699 3416; x_wconf 92' lang='lat' dir='ltr'>dubio</span> <span class='ocrx_word' id='word_1_318' title='bbox 1716 3351 1860 3438; x_wconf 90' lang='lat' dir='ltr'>pendent</span> <span class='ocrx_word' id='word_1_319' title='bbox 1883 3352 1924 3415; x_wconf 97' lang='lat' dir='ltr'>ab</span> <span class='ocrx_word' id='word_1_320' title='bbox 1948 3349 2065 3416; x_wconf 88' lang='lat' dir='ltr'>eodem</span> 
     </span>
     <span class='ocr_line' id='line_1_30' title="bbox 410 3455 2065 3544; baseline -0.002 -24"><span class='ocrx_word' id='word_1_321' title='bbox 410 3456 599 3542; x_wconf 86' lang='lat' dir='ltr'>archetypo,</span> <span class='ocrx_word' id='word_1_322' title='bbox 615 3459 794 3544; x_wconf 84' lang='lat' dir='ltr'>exemplari</span> <span class='ocrx_word' id='word_1_323' title='bbox 811 3458 933 3522; x_wconf 90' lang='lat' dir='ltr'>scilieet</span> <span class='ocrx_word' id='word_1_324' title='bbox 948 3456 1075 3521; x_wconf 89' lang='lat' dir='ltr'>Bedani</span> <span class='ocrx_word' id='word_1_325' title='bbox 1096 3456 1169 3520; x_wconf 91' lang='lat' dir='ltr'>libri</span> <span class='ocrx_word' id='word_1_326' title='bbox 1193 3462 1287 3520; x_wconf 87' lang='lat' dir='ltr'>aucto</span> <span class='ocrx_word' id='word_1_327' title='bbox 1310 3455 1539 3520; x_wconf 90' lang='lat' dir='ltr'>additamentis</span> <span class='ocrx_word' id='word_1_328' title='bbox 1562 3455 1696 3520; x_wconf 90' lang='lat' dir='ltr'>adiectis</span> <span class='ocrx_word' id='word_1_329' title='bbox 1719 3457 1751 3520; x_wconf 93' lang='lat' dir='ltr'>in</span> <span class='ocrx_word' id='word_1_330' title='bbox 1772 3457 1917 3542; x_wconf 85' lang='lat' dir='ltr'>margine</span> <span class='ocrx_word' id='word_1_331' title='bbox 1941 3455 2065 3519; x_wconf 84' lang='lat' dir='ltr'>foliisvc</span> 
     </span>
    </p>

    <p class='ocr_par' dir='ltr' id='par_1_7' title="bbox 376 3560 2103 5518">
     <span class='ocr_line' id='line_1_31' title="bbox 376 3560 2066 3648; baseline -0.002 -24"><span class='ocrx_word' id='word_1_332' title='bbox 376 3629 377 3632; x_wconf 48' lang='lat'>,</span> <span class='ocrx_word' id='word_1_333' title='bbox 409 3562 616 3648; x_wconf 89' lang='lat' dir='ltr'>interpositis,</span> <span class='ocrx_word' id='word_1_334' title='bbox 640 3564 684 3626; x_wconf 85' lang='lat' dir='ltr'>ita</span> <span class='ocrx_word' id='word_1_335' title='bbox 707 3582 907 3648; x_wconf 87' lang='lat' dir='ltr'>magnopere</span> <span class='ocrx_word' id='word_1_336' title='bbox 930 3562 1014 3625; x_wconf 91' lang='lat' dir='ltr'>inter</span> <span class='ocrx_word' id='word_1_337' title='bbox 1030 3583 1065 3624; x_wconf 89' lang='lat' dir='ltr'>ee</span> <span class='ocrx_word' id='word_1_338' title='bbox 1082 3560 1241 3626; x_wconf 86' lang='lat' dir='ltr'>differunt.</span> <span class='ocrx_word' id='word_1_339' title='bbox 1281 3561 1452 3624; x_wconf 86' lang='lat' dir='ltr'>Parisinus</span> <span class='ocrx_word' id='word_1_340' title='bbox 1470 3560 1582 3625; x_wconf 87' lang='lat' dir='ltr'>Bodas</span> <span class='ocrx_word' id='word_1_341' title='bbox 1599 3562 1739 3645; x_wconf 87' lang='lat' dir='ltr'>genuino</span> <span class='ocrx_word' id='word_1_342' title='bbox 1757 3561 1925 3646; x_wconf 84' lang='lat' dir='ltr'>proximus</span> <span class='ocrx_word' id='word_1_343' title='bbox 1949 3565 1999 3623; x_wconf 89' lang='lat' dir='ltr'>eet</span> <span class='ocrx_word' id='word_1_344' title='bbox 2023 3581 2066 3622; x_wconf 86' lang='lat' dir='ltr'>ex</span> 
     </span>
     <span class='ocr_line' id='line_1_32' title="bbox 409 3661 2065 3752; baseline -0.001 -24"><span class='ocrx_word' id='word_1_345' title='bbox 409 3664 637 3730; x_wconf 88' lang='lat' dir='ltr'>additamentis</span> <span class='ocrx_word' id='word_1_346' title='bbox 653 3667 714 3730; x_wconf 93' lang='lat' dir='ltr'>illis</span> <span class='ocrx_word' id='word_1_347' title='bbox 730 3667 841 3752; x_wconf 87' lang='lat' dir='ltr'>paucis</span> <span class='ocrx_word' id='word_1_348' title='bbox 858 3672 982 3730; x_wconf 90' lang='lat' dir='ltr'>tantum</span> <span class='ocrx_word' id='word_1_349' title='bbox 998 3666 1147 3750; x_wconf 88' lang='lat' dir='ltr'>receptis,</span> <span class='ocrx_word' id='word_1_350' title='bbox 1161 3686 1296 3750; x_wconf 90' lang='lat' dir='ltr'>quorum</span> <span class='ocrx_word' id='word_1_351' title='bbox 1314 3665 1484 3730; x_wconf 88' lang='lat' dir='ltr'>elenchum</span> <span class='ocrx_word' id='word_1_352' title='bbox 1500 3667 1532 3729; x_wconf 93' lang='lat' dir='ltr'>in</span> <span class='ocrx_word' id='word_1_353' title='bbox 1548 3666 1690 3729; x_wconf 90' lang='lat' dir='ltr'>auctario</span> <span class='ocrx_word' id='word_1_354' title='bbox 1707 3666 1811 3750; x_wconf 90' lang='lat' dir='ltr'>primo</span> <span class='ocrx_word' id='word_1_355' title='bbox 1828 3665 1873 3750; x_wconf 89' lang='lat' dir='ltr'>(p.</span> <span class='ocrx_word' id='word_1_356' title='bbox 1885 3661 1962 3752; x_wconf 88' lang='grc'>335)</span> <span class='ocrx_word' id='word_1_357' title='bbox 1978 3662 2065 3744; x_wconf 90' lang='lat' dir='ltr'>dedi,</span> 
     </span>
     <span class='ocr_line' id='line_1_33' title="bbox 410 3766 2066 3854; baseline -0.001 -22"><span class='ocrx_word' id='word_1_358' title='bbox 410 3770 560 3854; x_wconf 88' lang='lat' dir='ltr'>quoniam</span> <span class='ocrx_word' id='word_1_359' title='bbox 585 3770 654 3832; x_wconf 90' lang='lat' dir='ltr'>eius</span> <span class='ocrx_word' id='word_1_360' title='bbox 677 3769 750 3832; x_wconf 89' lang='lat' dir='ltr'>libri</span> <span class='ocrx_word' id='word_1_361' title='bbox 773 3770 895 3834; x_wconf 89' lang='lat' dir='ltr'>variam</span> <span class='ocrx_word' id='word_1_362' title='bbox 918 3770 1090 3833; x_wconf 90' lang='lat' dir='ltr'>lectionem</span> <span class='ocrx_word' id='word_1_363' title='bbox 1113 3769 1145 3832; x_wconf 92' lang='lat' dir='ltr'>in</span> <span class='ocrx_word' id='word_1_364' title='bbox 1168 3774 1359 3854; x_wconf 87' lang='lat' dir='ltr'>apparatum</span> <span class='ocrx_word' id='word_1_365' title='bbox 1382 3770 1501 3854; x_wconf 87' lang='lat' dir='ltr'>recepi.</span> <span class='ocrx_word' id='word_1_366' title='bbox 1551 3767 1695 3832; x_wconf 91' lang='lat' dir='ltr'>notabile</span> <span class='ocrx_word' id='word_1_367' title='bbox 1725 3774 1775 3833; x_wconf 88' lang='lat' dir='ltr'>est</span> <span class='ocrx_word' id='word_1_368' title='bbox 1803 3769 1862 3833; x_wconf 91' lang='lat' dir='ltr'>sub</span> <span class='ocrx_word' id='word_1_369' title='bbox 1889 3769 2010 3832; x_wconf 91' lang='lat' dir='ltr'>Iustino</span> <span class='ocrx_word' id='word_1_370' title='bbox 2033 3766 2066 3830; x_wconf 93' lang='lat' dir='ltr'>Il</span> 
     </span>
     <span class='ocr_line' id='line_1_34' title="bbox 410 3869 2066 3958; baseline -0.001 -23"><span class='ocrx_word' id='word_1_371' title='bbox 410 3871 667 3936; x_wconf 88' lang='lat' dir='ltr'>additamentum</span> <span class='ocrx_word' id='word_1_372' title='bbox 691 3893 768 3936; x_wconf 90' lang='lat' dir='ltr'>sane</span> <span class='ocrx_word' id='word_1_373' title='bbox 785 3872 988 3937; x_wconf 89' lang='lat' dir='ltr'>incommode</span> <span class='ocrx_word' id='word_1_374' title='bbox 1012 3873 1166 3936; x_wconf 90' lang='lat' dir='ltr'>insertum</span> <span class='ocrx_word' id='word_1_375' title='bbox 1183 3870 1224 3936; x_wconf 92' lang='lat' dir='ltr'>de</span> <span class='ocrx_word' id='word_1_376' title='bbox 1242 3871 1467 3957; x_wconf 88' lang='lat' dir='ltr'>Langobardis</span> <span class='ocrx_word' id='word_1_377' title='bbox 1484 3875 1529 3958; x_wconf 88' lang='lat' dir='ltr'>(p.</span> <span class='ocrx_word' id='word_1_378' title='bbox 1553 3877 1598 3952; x_wconf 87' lang='lat' dir='ltr'>lt,</span> <span class='ocrx_word' id='word_1_379' title='bbox 1616 3876 1656 3936; x_wconf 80' lang='lat'>45</span> <span class='ocrx_word' id='word_1_380' title='bbox 1672 3869 1794 3956; x_wconf 85' lang='lat' dir='ltr'>Waitz)</span> <span class='ocrx_word' id='word_1_381' title='bbox 1818 3892 1882 3936; x_wconf 94' lang='lat' dir='ltr'>ncn</span> <span class='ocrx_word' id='word_1_382' title='bbox 1905 3873 2066 3954; x_wconf 89' lang='lat' dir='ltr'>integrum</span> 
     </span>
     <span class='ocr_line' id='line_1_35' title="bbox 411 3974 2067 4062; baseline -0.002 -22"><span class='ocrx_word' id='word_1_383' title='bbox 411 3975 586 4041; x_wconf 89' lang='lat' dir='ltr'>admissum</span> <span class='ocrx_word' id='word_1_384' title='bbox 610 3998 681 4041; x_wconf 91' lang='lat' dir='ltr'>esse</span> <span class='ocrx_word' id='word_1_385' title='bbox 706 3978 746 4041; x_wconf 88' lang='lat' dir='ltr'>ab</span> <span class='ocrx_word' id='word_1_386' title='bbox 770 3978 832 4042; x_wconf 93' lang='lat' dir='ltr'>hoc</span> <span class='ocrx_word' id='word_1_387' title='bbox 853 3978 999 4060; x_wconf 88' lang='lat' dir='ltr'>librario,</span> <span class='ocrx_word' id='word_1_388' title='bbox 1031 3977 1088 4042; x_wconf 85' lang='lat' dir='ltr'>ead</span> <span class='ocrx_word' id='word_1_389' title='bbox 1120 3998 1177 4062; x_wconf 93' lang='lat' dir='ltr'>pro</span> <span class='ocrx_word' id='word_1_390' title='bbox 1208 3999 1241 4040; x_wconf 91' lang='lat' dir='ltr'>re</span> <span class='ocrx_word' id='word_1_391' title='bbox 1265 3977 1456 4041; x_wconf 83' lang='lat' dir='ltr'>breviatum.</span> <span class='ocrx_word' id='word_1_392' title='bbox 1506 3983 1618 4041; x_wconf 90' lang='lat' dir='ltr'>contra</span> <span class='ocrx_word' id='word_1_393' title='bbox 1639 3977 1711 4041; x_wconf 90' lang='lat' dir='ltr'>libri</span> <span class='ocrx_word' id='word_1_394' title='bbox 1735 3975 1797 4040; x_wconf 91' lang='lat' dir='ltr'>duo</span> <span class='ocrx_word' id='word_1_395' title='bbox 1822 3977 1876 4040; x_wconf 91' lang='lat' dir='ltr'>alii</span> <span class='ocrx_word' id='word_1_396' title='bbox 1898 3974 2067 4039; x_wconf 88' lang='lat' dir='ltr'>Leidensis</span> 
     </span>
     <span class='ocr_line' id='line_1_36' title="bbox 412 4078 2066 4168; baseline -0.001 -23"><span class='ocrx_word' id='word_1_397' title='bbox 412 4087 446 4145; x_wconf 93' lang='lat' dir='ltr'>et</span> <span class='ocrx_word' id='word_1_398' title='bbox 467 4079 671 4145; x_wconf 83' lang='lat' dir='ltr'>Monacensis</span> <span class='ocrx_word' id='word_1_399' title='bbox 702 4083 733 4145; x_wconf 92' lang='lat' dir='ltr'>in</span> <span class='ocrx_word' id='word_1_400' title='bbox 765 4103 889 4147; x_wconf 90' lang='lat' dir='ltr'>summa</span> <span class='ocrx_word' id='word_1_401' title='bbox 912 4104 947 4148; x_wconf 87' lang='lat' dir='ltr'>re</span> <span class='ocrx_word' id='word_1_402' title='bbox 971 4083 1174 4148; x_wconf 87' lang='lat' dir='ltr'>consentiunt</span> <span class='ocrx_word' id='word_1_403' title='bbox 1203 4088 1236 4146; x_wconf 87' lang='lat' dir='ltr'>et</span> <span class='ocrx_word' id='word_1_404' title='bbox 1266 4103 1343 4146; x_wconf 82' lang='lat' dir='ltr'>rere</span> <span class='ocrx_word' id='word_1_405' title='bbox 1374 4083 1632 4168; x_wconf 88' lang='lat' dir='ltr'>compilationem</span> <span class='ocrx_word' id='word_1_406' title='bbox 1655 4087 1855 4168; x_wconf 88' lang='lat' dir='ltr'>proponunt,</span> <span class='ocrx_word' id='word_1_407' title='bbox 1879 4081 1930 4144; x_wconf 88' lang='lat' dir='ltr'>oui</span> <span class='ocrx_word' id='word_1_408' title='bbox 1951 4078 2066 4144; x_wconf 90' lang='lat' dir='ltr'>Mona-</span> 
     </span>
     <span class='ocr_line' id='line_1_37' title="bbox 412 4183 2065 4273; baseline 0.001 -26"><span class='ocrx_word' id='word_1_409' title='bbox 412 4185 517 4248; x_wconf 88' lang='lat' dir='ltr'>censis</span> <span class='ocrx_word' id='word_1_410' title='bbox 545 4184 618 4248; x_wconf 93' lang='lat' dir='ltr'>libri</span> <span class='ocrx_word' id='word_1_411' title='bbox 646 4185 809 4270; x_wconf 91' lang='lat' dir='ltr'>inscriptio</span> <span class='ocrx_word' id='word_1_412' title='bbox 841 4188 937 4271; x_wconf 88' lang='lat' dir='ltr'>lcnge</span> <span class='ocrx_word' id='word_1_413' title='bbox 961 4189 1064 4273; x_wconf 90' lang='lat' dir='ltr'>magis</span> <span class='ocrx_word' id='word_1_414' title='bbox 1088 4187 1260 4251; x_wconf 88' lang='lat' dir='ltr'>conveniat</span> <span class='ocrx_word' id='word_1_415' title='bbox 1283 4206 1379 4269; x_wconf 91' lang='lat' dir='ltr'>quam</span> <span class='ocrx_word' id='word_1_416' title='bbox 1403 4184 1515 4248; x_wconf 88' lang='lat' dir='ltr'>Bedac</span> <span class='ocrx_word' id='word_1_417' title='bbox 1540 4205 1657 4248; x_wconf 90' lang='lat' dir='ltr'>nomen</span> <span class='ocrx_word' id='word_1_418' title='bbox 1680 4185 1912 4271; x_wconf 89' lang='lat' dir='ltr'>praescriptum</span> <span class='ocrx_word' id='word_1_419' title='bbox 1934 4184 1966 4248; x_wconf 94' lang='lat' dir='ltr'>in</span> <span class='ocrx_word' id='word_1_420' title='bbox 1988 4183 2065 4248; x_wconf 88' lang='lat' dir='ltr'>Lei-</span> 
     </span>
     <span class='ocr_line' id='line_1_38' title="bbox 412 4287 2066 4376; baseline 0.001 -26"><span class='ocrx_word' id='word_1_421' title='bbox 412 4287 512 4351; x_wconf 90' lang='lat' dir='ltr'>densi.</span> <span class='ocrx_word' id='word_1_422' title='bbox 558 4289 680 4352; x_wconf 85' lang='lat' dir='ltr'>scilicet</span> <span class='ocrx_word' id='word_1_423' title='bbox 703 4287 855 4353; x_wconf 89' lang='lat' dir='ltr'>adhibitis</span> <span class='ocrx_word' id='word_1_424' title='bbox 871 4291 1027 4376; x_wconf 89' lang='lat' dir='ltr'>Iosepho,</span> <span class='ocrx_word' id='word_1_425' title='bbox 1041 4291 1208 4374; x_wconf 84' lang='lat' dir='ltr'>Eutropio,</span> <span class='ocrx_word' id='word_1_426' title='bbox 1225 4289 1437 4374; x_wconf 90' lang='lat' dir='ltr'>Hieronymo,</span> <span class='ocrx_word' id='word_1_427' title='bbox 1455 4287 1578 4369; x_wconf 92' lang='lat' dir='ltr'>Orosio,</span> <span class='ocrx_word' id='word_1_428' title='bbox 1595 4287 1723 4368; x_wconf 84' lang='lat' dir='ltr'>Rufino,</span> <span class='ocrx_word' id='word_1_429' title='bbox 1746 4288 1879 4352; x_wconf 90' lang='lat' dir='ltr'>historia</span> <span class='ocrx_word' id='word_1_430' title='bbox 1895 4288 2066 4373; x_wconf 88' lang='lat' dir='ltr'>tripertita,</span> 
     </span>
     <span class='ocr_line' id='line_1_39' title="bbox 412 4389 2065 4477; baseline -0.001 -23"><span class='ocrx_word' id='word_1_431' title='bbox 412 4390 547 4472; x_wconf 93' lang='lat' dir='ltr'>Isidoro,</span> <span class='ocrx_word' id='word_1_432' title='bbox 559 4393 786 4477; x_wconf 91' lang='lat' dir='ltr'>compilatione</span> <span class='ocrx_word' id='word_1_433' title='bbox 801 4391 1052 4477; x_wconf 80' lang='lat' dir='ltr'>Fredegariana,</span> <span class='ocrx_word' id='word_1_434' title='bbox 1063 4395 1143 4459; x_wconf 95' lang='lat' dir='ltr'>libro</span> <span class='ocrx_word' id='word_1_435' title='bbox 1157 4394 1310 4458; x_wconf 91' lang='lat' dir='ltr'>historiae</span> <span class='ocrx_word' id='word_1_436' title='bbox 1323 4393 1530 4466; x_wconf 79' lang='lat' dir='ltr'>Francorum,</span> <span class='ocrx_word' id='word_1_437' title='bbox 1543 4391 1717 4476; x_wconf 87' lang='lat' dir='ltr'>pontificali</span> <span class='ocrx_word' id='word_1_438' title='bbox 1728 4389 1764 4476; x_wconf 76' lang='lat'>¹),</span> <span class='ocrx_word' id='word_1_439' title='bbox 1779 4391 1857 4454; x_wconf 88' lang='lat' dir='ltr'>item</span> <span class='ocrx_word' id='word_1_440' title='bbox 1870 4390 1958 4456; x_wconf 87' lang='lat' dir='ltr'>libris</span> <span class='ocrx_word' id='word_1_441' title='bbox 1968 4410 2065 4475; x_wconf 88' lang='lat' dir='ltr'>argu-</span> 
     </span>
     <span class='ocr_line' id='line_1_40' title="bbox 412 4493 2066 4582; baseline 0 -24"><span class='ocrx_word' id='word_1_442' title='bbox 412 4498 513 4560; x_wconf 87' lang='lat' dir='ltr'>menti</span> <span class='ocrx_word' id='word_1_443' title='bbox 529 4516 617 4560; x_wconf 90' lang='lat' dir='ltr'>mere</span> <span class='ocrx_word' id='word_1_444' title='bbox 632 4497 840 4560; x_wconf 89' lang='lat' dir='ltr'>ecclesiastici</span> <span class='ocrx_word' id='word_1_445' title='bbox 859 4497 1003 4581; x_wconf 91' lang='lat' dir='ltr'>pluribus</span> <span class='ocrx_word' id='word_1_446' title='bbox 1023 4499 1157 4582; x_wconf 89' lang='lat' dir='ltr'>scriptor</span> <span class='ocrx_word' id='word_1_447' title='bbox 1173 4496 1215 4560; x_wconf 90' lang='lat' dir='ltr'>ad</span> <span class='ocrx_word' id='word_1_448' title='bbox 1231 4497 1365 4561; x_wconf 88' lang='lat' dir='ltr'>Bedana</span> <span class='ocrx_word' id='word_1_449' title='bbox 1381 4498 1482 4561; x_wconf 90' lang='lat' dir='ltr'>multa</span> <span class='ocrx_word' id='word_1_450' title='bbox 1494 4494 1613 4560; x_wconf 90' lang='lat' dir='ltr'>adiecit</span> <span class='ocrx_word' id='word_1_451' title='bbox 1624 4495 1730 4559; x_wconf 89' lang='lat' dir='ltr'>verbis</span> <span class='ocrx_word' id='word_1_452' title='bbox 1744 4515 1843 4579; x_wconf 88' lang='lat' dir='ltr'>saepe</span> <span class='ocrx_word' id='word_1_453' title='bbox 1858 4493 2066 4581; x_wconf 88' lang='lat' dir='ltr'>compendia-</span> 
     </span>
     <span class='ocr_line' id='line_1_41' title="bbox 411 4597 2066 4686; baseline -0.001 -22"><span class='ocrx_word' id='word_1_454' title='bbox 411 4601 452 4664; x_wconf 91' lang='lat' dir='ltr'>tis</span> <span class='ocrx_word' id='word_1_455' title='bbox 469 4607 524 4665; x_wconf 90' lang='lat' dir='ltr'>aut</span> <span class='ocrx_word' id='word_1_456' title='bbox 539 4601 679 4680; x_wconf 88' lang='lat' dir='ltr'>mutatis,</span> <span class='ocrx_word' id='word_1_457' title='bbox 696 4601 765 4686; x_wconf 88' lang='lat' dir='ltr'>ipsa</span> <span class='ocrx_word' id='word_1_458' title='bbox 781 4600 850 4664; x_wconf 85' lang='lat' dir='ltr'>fere</span> <span class='ocrx_word' id='word_1_459' title='bbox 867 4603 998 4666; x_wconf 89' lang='lat' dir='ltr'>retinuit</span> <span class='ocrx_word' id='word_1_460' title='bbox 1014 4601 1066 4665; x_wconf 91' lang='lat' dir='ltr'>hic</span> <span class='ocrx_word' id='word_1_461' title='bbox 1080 4602 1144 4666; x_wconf 90' lang='lat' dir='ltr'>illic</span> <span class='ocrx_word' id='word_1_462' title='bbox 1162 4603 1328 4666; x_wconf 90' lang='lat' dir='ltr'>commatis</span> <span class='ocrx_word' id='word_1_463' title='bbox 1344 4600 1536 4686; x_wconf 90' lang='lat' dir='ltr'>quibusdam</span> <span class='ocrx_word' id='word_1_464' title='bbox 1553 4601 1735 4686; x_wconf 91' lang='lat' dir='ltr'>suppressis</span> <span class='ocrx_word' id='word_1_465' title='bbox 1750 4599 1886 4685; x_wconf 89' lang='lat' dir='ltr'>aliisque</span> <span class='ocrx_word' id='word_1_466' title='bbox 1902 4598 1973 4662; x_wconf 89' lang='lat' dir='ltr'>aliis</span> <span class='ocrx_word' id='word_1_467' title='bbox 1990 4597 2066 4662; x_wconf 90' lang='lat' dir='ltr'>eub-</span> 
     </span>
     <span class='ocr_line' id='line_1_42' title="bbox 411 4703 2103 4791; baseline -0.001 -24"><span class='ocrx_word' id='word_1_468' title='bbox 411 4705 546 4784; x_wconf 87' lang='lat' dir='ltr'>etitutis,</span> <span class='ocrx_word' id='word_1_469' title='bbox 571 4703 710 4788; x_wconf 88' lang='lat' dir='ltr'>denique</span> <span class='ocrx_word' id='word_1_470' title='bbox 742 4725 784 4768; x_wconf 87' lang='lat' dir='ltr'>ex</span> <span class='ocrx_word' id='word_1_471' title='bbox 815 4706 1039 4791; x_wconf 90' lang='lat' dir='ltr'>compilatione</span> <span class='ocrx_word' id='word_1_472' title='bbox 1063 4705 1176 4769; x_wconf 86' lang='lat' dir='ltr'>Bodas</span> <span class='ocrx_word' id='word_1_473' title='bbox 1200 4707 1335 4768; x_wconf 89' lang='lat' dir='ltr'>alteram</span> <span class='ocrx_word' id='word_1_474' title='bbox 1359 4705 1467 4769; x_wconf 83' lang='lat' dir='ltr'>effecit</span> <span class='ocrx_word' id='word_1_475' title='bbox 1490 4703 1645 4768; x_wconf 90' lang='lat' dir='ltr'>Bedanae</span> <span class='ocrx_word' id='word_1_476' title='bbox 1672 4708 1937 4789; x_wconf 85' lang='lat' dir='ltr'>superstructum:</span> <span class='ocrx_word' id='word_1_477' title='bbox 1968 4703 2066 4766; x_wconf 91' lang='lat' dir='ltr'>etiam</span> <span class='ocrx_word' id='word_1_478' title='bbox 2102 4761 2103 4764; x_wconf 74' lang='grc'>,</span> 
     </span>
     <span class='ocr_line' id='line_1_43' title="bbox 412 4806 2066 4894; baseline -0.002 -22"><span class='ocrx_word' id='word_1_479' title='bbox 412 4829 512 4872; x_wconf 90' lang='lat' dir='ltr'>annos</span> <span class='ocrx_word' id='word_1_480' title='bbox 535 4807 644 4871; x_wconf 92' lang='lat' dir='ltr'>mundi</span> <span class='ocrx_word' id='word_1_481' title='bbox 668 4814 780 4872; x_wconf 86' lang='lat' dir='ltr'>auctor</span> <span class='ocrx_word' id='word_1_482' title='bbox 803 4810 1010 4894; x_wconf 88' lang='lat' dir='ltr'>praescripsit</span> <span class='ocrx_word' id='word_1_483' title='bbox 1036 4830 1100 4873; x_wconf 93' lang='lat' dir='ltr'>non</span> <span class='ocrx_word' id='word_1_484' title='bbox 1131 4810 1319 4894; x_wconf 88' lang='lat' dir='ltr'>simpliciter</span> <span class='ocrx_word' id='word_1_485' title='bbox 1341 4811 1465 4873; x_wconf 89' lang='lat' dir='ltr'>rationo</span> <span class='ocrx_word' id='word_1_486' title='bbox 1491 4806 1641 4888; x_wconf 90' lang='lat' dir='ltr'>Bedana,</span> <span class='ocrx_word' id='word_1_487' title='bbox 1670 4807 1729 4872; x_wconf 86' lang='lat' dir='ltr'>sed</span> <span class='ocrx_word' id='word_1_488' title='bbox 1757 4806 1875 4892; x_wconf 89' lang='lat' dir='ltr'>duplici</span> <span class='ocrx_word' id='word_1_489' title='bbox 1899 4810 2066 4891; x_wconf 90' lang='lat' dir='ltr'>computa-</span> 
     </span>
     <span class='ocr_line' id='line_1_44' title="bbox 412 4911 2068 4998; baseline -0.002 -21"><span class='ocrx_word' id='word_1_490' title='bbox 412 4913 500 4977; x_wconf 91' lang='lat' dir='ltr'>tione</span> <span class='ocrx_word' id='word_1_491' title='bbox 522 4912 695 4976; x_wconf 77' lang='lat' dir='ltr'>secandum</span> <span class='ocrx_word' id='word_1_492' title='bbox 719 4911 891 4990; x_wconf 86' lang='lat' dir='ltr'>Hebraeos,</span> <span class='ocrx_word' id='word_1_493' title='bbox 920 4921 956 4976; x_wconf 90' lang='lat' dir='ltr'>ut</span> <span class='ocrx_word' id='word_1_494' title='bbox 986 4914 1086 4976; x_wconf 83' lang='lat' dir='ltr'>voluit</span> <span class='ocrx_word' id='word_1_495' title='bbox 1117 4911 1226 4994; x_wconf 89' lang='lat' dir='ltr'>Beda,</span> <span class='ocrx_word' id='word_1_496' title='bbox 1251 4919 1284 4976; x_wconf 90' lang='lat' dir='ltr'>ct</span> <span class='ocrx_word' id='word_1_497' title='bbox 1315 4913 1487 4976; x_wconf 71' lang='lat' dir='ltr'>serenatam</span> <span class='ocrx_word' id='word_1_498' title='bbox 1511 4913 1622 4975; x_wconf 84' lang='lat' dir='ltr'>LXX.</span> <span class='ocrx_word' id='word_1_499' title='bbox 1676 4917 1873 4998; x_wconf 88' lang='lat' dir='ltr'>quapropter</span> <span class='ocrx_word' id='word_1_500' title='bbox 1895 4917 2007 4974; x_wconf 91' lang='lat' dir='ltr'>auctor</span> <span class='ocrx_word' id='word_1_501' title='bbox 2034 4916 2068 4974; x_wconf 90' lang='lat' dir='ltr'>ct</span> 
     </span>
     <span class='ocr_line' id='line_1_45' title="bbox 412 5012 2069 5102; baseline -0.003 -22"><span class='ocrx_word' id='word_1_502' title='bbox 412 5016 454 5080; x_wconf 88' lang='lat' dir='ltr'>ad</span> <span class='ocrx_word' id='word_1_503' title='bbox 477 5018 614 5102; x_wconf 92' lang='lat' dir='ltr'>primum</span> <span class='ocrx_word' id='word_1_504' title='bbox 639 5015 893 5080; x_wconf 88' lang='lat' dir='ltr'>additamentum</span> <span class='ocrx_word' id='word_1_505' title='bbox 923 5017 982 5080; x_wconf 92' lang='lat' dir='ltr'>sub</span> <span class='ocrx_word' id='word_1_506' title='bbox 1012 5015 1085 5079; x_wconf 85' lang='lat' dir='ltr'>Ada</span> <span class='ocrx_word' id='word_1_507' title='bbox 1107 5021 1181 5101; x_wconf 92' lang='lat' dir='ltr'>poet</span> <span class='ocrx_word' id='word_1_508' title='bbox 1203 5015 1304 5079; x_wconf 83' lang='lat' dir='ltr'>rerba</span> <span class='ocrx_word' id='word_1_509' title='bbox 1327 5035 1351 5077; x_wconf 92' lang='lat' dir='ltr'>c.</span> <span class='ocrx_word' id='word_1_510' title='bbox 1377 5021 1411 5078; x_wconf 83' lang='lat' dir='ltr'>ru</span> <span class='ocrx_word' id='word_1_511' title='bbox 1436 5037 1457 5077; x_wconf 88' lang='lat' dir='ltr'>a</span> <span class='ocrx_word' id='word_1_512' title='bbox 1478 5015 1582 5096; x_wconf 70' lang='lat' dir='ltr'>fratrc</span> <span class='ocrx_word' id='word_1_513' title='bbox 1608 5015 1690 5080; x_wconf 79' lang='lat' dir='ltr'>Greia</span> <span class='ocrx_word' id='word_1_514' title='bbox 1713 5017 1834 5080; x_wconf 73' lang='lat' dir='ltr'>ccciars</span> <span class='ocrx_word' id='word_1_515' title='bbox 1855 5012 1960 5078; x_wconf 89' lang='lat' dir='ltr'>addit:</span> <span class='ocrx_word' id='word_1_516' title='bbox 1992 5012 2069 5077; x_wconf 84' lang='lat' dir='ltr'>baec</span> 
     </span>
     <span class='ocr_line' id='line_1_46' title="bbox 412 5115 2067 5205; baseline -0.002 -20"><span class='ocrx_word' id='word_1_517' title='bbox 412 5121 520 5198; x_wconf 81' lang='lat' dir='ltr'>Beda,</span> <span class='ocrx_word' id='word_1_518' title='bbox 545 5120 701 5205; x_wconf 89' lang='lat' dir='ltr'>adlegans</span> <span class='ocrx_word' id='word_1_519' title='bbox 731 5120 848 5186; x_wconf 88' lang='lat' dir='ltr'>deiude</span> <span class='ocrx_word' id='word_1_520' title='bbox 872 5123 960 5186; x_wconf 92' lang='lat' dir='ltr'>locos</span> <span class='ocrx_word' id='word_1_521' title='bbox 985 5143 1027 5186; x_wconf 86' lang='lat' dir='ltr'>ax</span> <span class='ocrx_word' id='word_1_522' title='bbox 1050 5121 1240 5205; x_wconf 88' lang='lat' dir='ltr'>Hieronymi</span> <span class='ocrx_word' id='word_1_523' title='bbox 1264 5120 1494 5183; x_wconf 89' lang='lat' dir='ltr'>commentario</span> <span class='ocrx_word' id='word_1_524' title='bbox 1523 5120 1555 5183; x_wconf 92' lang='lat' dir='ltr'>in</span> <span class='ocrx_word' id='word_1_525' title='bbox 1579 5120 1784 5184; x_wconf 83' lang='lat' dir='ltr'>Ezechielem</span> <span class='ocrx_word' id='word_1_526' title='bbox 1818 5126 1850 5182; x_wconf 88' lang='lat' dir='ltr'>et</span> <span class='ocrx_word' id='word_1_527' title='bbox 1880 5139 1922 5182; x_wconf 89' lang='lat' dir='ltr'>ex</span> <span class='ocrx_word' id='word_1_528' title='bbox 1951 5115 2067 5182; x_wconf 89' lang='lat' dir='ltr'>Isidori</span> 
     </span>
     <span class='ocr_line' id='line_1_47' title="bbox 411 5223 2069 5308; baseline -0.002 -19"><span class='ocrx_word' id='word_1_529' title='bbox 411 5225 494 5289; x_wconf 92' lang='lat' dir='ltr'>libro</span> <span class='ocrx_word' id='word_1_530' title='bbox 525 5225 565 5288; x_wconf 92' lang='lat' dir='ltr'>de</span> <span class='ocrx_word' id='word_1_531' title='bbox 590 5231 661 5288; x_wconf 91' lang='lat' dir='ltr'>ortu</span> <span class='ocrx_word' id='word_1_532' title='bbox 685 5227 737 5290; x_wconf 88' lang='lat' dir='ltr'>vel</span> <span class='ocrx_word' id='word_1_533' title='bbox 760 5226 849 5290; x_wconf 93' lang='lat' dir='ltr'>obitu</span> <span class='ocrx_word' id='word_1_534' title='bbox 874 5233 1073 5305; x_wconf 91' lang='lat' dir='ltr'>sauctorum,</span> <span class='ocrx_word' id='word_1_535' title='bbox 1106 5224 1193 5288; x_wconf 90' lang='lat' dir='ltr'>etin</span> <span class='ocrx_word' id='word_1_536' title='bbox 1217 5224 1278 5287; x_wconf 88' lang='lat' dir='ltr'>fine</span> <span class='ocrx_word' id='word_1_537' title='bbox 1302 5223 1498 5308; x_wconf 87' lang='lat' dir='ltr'>postverbo</span> <span class='ocrx_word' id='word_1_538' title='bbox 1527 5223 1642 5287; x_wconf 82' lang='lat' dir='ltr'>bonore</span> <span class='ocrx_word' id='word_1_539' title='bbox 1671 5223 1860 5299; x_wconf 78' lang='lat' dir='ltr'>recorutidtt,</span> <span class='ocrx_word' id='word_1_540' title='bbox 1888 5243 1971 5308; x_wconf 90' lang='lat' dir='ltr'>quae</span> <span class='ocrx_word' id='word_1_541' title='bbox 1995 5227 2069 5285; x_wconf 86' lang='lat' dir='ltr'>sunt</span> 
     </span>
     <span class='ocr_line' id='line_1_48' title="bbox 413 5326 2067 5414; baseline -0.004 -19"><span class='ocrx_word' id='word_1_542' title='bbox 413 5331 635 5395; x_wconf 90' lang='lat' dir='ltr'>chronicorum</span> <span class='ocrx_word' id='word_1_543' title='bbox 655 5328 859 5393; x_wconf 87' lang='lat' dir='ltr'>Bedancrum</span> <span class='ocrx_word' id='word_1_544' title='bbox 878 5337 1034 5409; x_wconf 88' lang='lat' dir='ltr'>extrema,</span> <span class='ocrx_word' id='word_1_545' title='bbox 1051 5328 1216 5393; x_wconf 87' lang='lat' dir='ltr'>adscribit:</span> <span class='ocrx_word' id='word_1_546' title='bbox 1234 5327 1396 5408; x_wconf 81' lang='lat' dir='ltr'>bercasquc</span> <span class='ocrx_word' id='word_1_547' title='bbox 1409 5328 1510 5391; x_wconf 81' lang='lat' dir='ltr'>Beda.</span> <span class='ocrx_word' id='word_1_548' title='bbox 1547 5328 1782 5414; x_wconf 89' lang='lat' dir='ltr'>compilationis</span> <span class='ocrx_word' id='word_1_549' title='bbox 1797 5326 1938 5391; x_wconf 91' lang='lat' dir='ltr'>indolem</span> <span class='ocrx_word' id='word_1_550' title='bbox 1955 5345 2067 5413; x_wconf 90' lang='lat' dir='ltr'>quam-</span> 
     </span>
     <span class='ocr_line' id='line_1_49' title="bbox 413 5429 2068 5518; baseline -0.001 -22"><span class='ocrx_word' id='word_1_551' title='bbox 413 5453 508 5518; x_wconf 89' lang='lat' dir='ltr'>quam</span> <span class='ocrx_word' id='word_1_552' title='bbox 533 5431 678 5496; x_wconf 88' lang='lat' dir='ltr'>declarat</span> <span class='ocrx_word' id='word_1_553' title='bbox 701 5432 799 5496; x_wconf 89' lang='lat' dir='ltr'>editio</span> <span class='ocrx_word' id='word_1_554' title='bbox 823 5434 923 5517; x_wconf 89' lang='lat' dir='ltr'>partie</span> <span class='ocrx_word' id='word_1_555' title='bbox 946 5439 1130 5518; x_wconf 87' lang='lat' dir='ltr'>postremae</span> <span class='ocrx_word' id='word_1_556' title='bbox 1162 5433 1202 5496; x_wconf 88' lang='lat' dir='ltr'>ab</span> <span class='ocrx_word' id='word_1_557' title='bbox 1234 5432 1380 5496; x_wconf 90' lang='lat' dir='ltr'>Honorio</span> <span class='ocrx_word' id='word_1_558' title='bbox 1410 5431 1485 5494; x_wconf 90' lang='lat' dir='ltr'>inde</span> <span class='ocrx_word' id='word_1_559' title='bbox 1510 5453 1529 5494; x_wconf 91' lang='lat' dir='ltr'>a</span> <span class='ocrx_word' id='word_1_560' title='bbox 1552 5429 1691 5495; x_wconf 87' lang='lat' dir='ltr'>Waitzio</span> <span class='ocrx_word' id='word_1_561' title='bbox 1716 5435 1826 5496; x_wconf 86' lang='lat' dir='ltr'>curata</span> <span class='ocrx_word' id='word_1_562' title='bbox 1849 5451 1955 5516; x_wconf 89' lang='lat' dir='ltr'>neque</span> <span class='ocrx_word' id='word_1_563' title='bbox 1979 5431 2068 5516; x_wconf 90' lang='lat' dir='ltr'>quic·</span> 
     </span>
    </p>
   </div>
   <div class='ocr_carea' id='block_1_3' title="bbox 519 5656 1817 5726">
    <p class='ocr_par' dir='ltr' id='par_1_8' title="bbox 519 5656 1817 5726">
     <span class='ocr_line' id='line_1_50' title="bbox 519 5656 1817 5726; baseline 0 -18"><span class='ocrx_word' id='word_1_564' title='bbox 519 5656 540 5724; x_wconf 85' lang='lat'>¹)</span> <span class='ocrx_word' id='word_1_565' title='bbox 560 5658 622 5710; x_wconf 81' lang='lat' dir='ltr'>Eius</span> <span class='ocrx_word' id='word_1_566' title='bbox 641 5659 766 5725; x_wconf 85' lang='lat' dir='ltr'>epitomen</span> <span class='ocrx_word' id='word_1_567' title='bbox 784 5660 959 5711; x_wconf 85' lang='lat' dir='ltr'>Cononianam</span> <span class='ocrx_word' id='word_1_568' title='bbox 978 5659 1120 5711; x_wconf 87' lang='lat' dir='ltr'>adhibitam</span> <span class='ocrx_word' id='word_1_569' title='bbox 1138 5677 1194 5711; x_wconf 89' lang='lat' dir='ltr'>esse</span> <span class='ocrx_word' id='word_1_570' title='bbox 1211 5659 1344 5711; x_wconf 82' lang='lat' dir='ltr'>contendit</span> <span class='ocrx_word' id='word_1_571' title='bbox 1362 5659 1500 5711; x_wconf 86' lang='lat' dir='ltr'>Duchssne</span> <span class='ocrx_word' id='word_1_572' title='bbox 1518 5659 1563 5710; x_wconf 91' lang='lat' dir='ltr'>lib.</span> <span class='ocrx_word' id='word_1_573' title='bbox 1583 5659 1694 5726; x_wconf 77' lang='lat' dir='ltr'>pontiti</span> <span class='ocrx_word' id='word_1_574' title='bbox 1712 5675 1737 5726; x_wconf 90' lang='lat' dir='ltr'>p.</span> <span class='ocrx_word' id='word_1_575' title='bbox 1750 5658 1817 5709; x_wconf 88' lang='lat' dir='ltr'>LVI.</span> 
     </span>
    </p>
   </div>
   <div class='ocr_carea' id='block_1_4' title="bbox 0 0 2309 6292">
    <p class='ocr_par' dir='ltr' id='par_1_9' title="bbox 0 0 2309 6292">
     <span class='ocr_line' id='line_1_51' title="bbox 0 0 2309 6292; baseline 0 0"><span class='ocrx_word' id='word_1_576' title='bbox 0 0 2309 6292; x_wconf 95' lang='lat' dir='ltr'> </span> 
     </span>
    </p>
   </div>
  </div>
 </body>
</html>
