4634 6286
409 397 450 458 96
1107 383 1325 440 AVCTARIVM
1343 385 1364 440 1.

409 567 516 652 coepit
544 567 620 629 llere
650 570 683 628 et
709 563 876 648 postulans
905 561 1024 625 deferri
1051 559 1112 624 sibi
1141 579 1257 643 aquam
1280 557 1449 622 benedixit
1477 559 1658 643 sparsitque
1689 579 1786 644 super
1818 557 1933 622 faciem
1963 557 2064 621 casei.

409 670 471 735 deo
501 670 609 753 itaque
640 666 780 731 donante
809 667 918 730 lumen
946 664 1070 748 recepit
1101 668 1135 726 ct
1162 662 1323 747 accipiens
1352 661 1400 726 sal
1431 662 1576 726 similiter
1608 662 1776 728 benedixit
1798 661 1947 746 misitque
1971 661 2004 724 in
2029 681 2066 725 os

412 775 489 838 eius.
540 773 648 836 statim
677 789 805 855 quoquc
827 770 979 853 loquutus
1009 773 1059 831 est
1080 765 1278 830 benedicens
1301 765 1399 830 deum
1423 773 1456 830 et
1477 765 1611 829 beatum
1635 767 1737 830 virum
1761 764 1985 850 magnificans,
2010 765 2066 850 qui

355 876 390 933 15
410 882 532 940 tantem
558 875 747 960 sospitatem
775 872 805 936 ei
832 872 1021 935 contulerat.
1074 869 1209 933 Factum
1238 875 1288 932 est
1316 875 1444 951 autem,
1477 889 1548 933 cum
1571 867 1646 933 inde
1670 875 1904 950 reverteretur,
1928 869 2065 952 contigit

409 1001 483 1044 eum
511 978 652 1042 incidere
683 978 715 1041 in
741 976 947 1040 latrunculos.
998 994 1094 1059 quern
1122 971 1269 1037 videntes
1297 973 1455 1038 nitentem
1484 972 1601 1038 decore
1634 973 1855 1060 pulcritudinis
1883 973 1937 1036 elii
1967 993 2065 1036 cona·
2106 992 2119 1032 s

408 1085 527 1148 bantur
549 1103 623 1146 eum
647 1101 774 1167 capere,
799 1080 852 1143 alii
874 1079 1064 1142 interlicere.
1111 1099 1191 1163 quos
1213 1084 1249 1141 ut
1272 1076 1351 1142 vidit
1383 1078 1444 1142 sibi
1467 1079 1743 1165 appropinquare,
1773 1079 1921 1142 invocato
1945 1075 2066 1142 Christi

410 1189 539 1252 nomine
568 1187 716 1250 continuo
744 1189 821 1248 nutu
851 1183 903 1248 dei
935 1183 1011 1246 fecit
1039 1181 1141 1267 pedes
1170 1203 1282 1246 eorum
1313 1182 1492 1247 adhaerere
1523 1190 1628 1247 terrae
1653 1185 1804 1269 ipsosque
1827 1180 1916 1246 velut
1937 1179 2066 1267 lapides
2132 1205 2133 1208 ¹

410 1292 631 1377 obrigescere,
666 1288 886 1372 recedensque
921 1285 962 1349 ab
995 1286 1042 1348 eis
1076 1291 1227 1370 coeptam
1261 1286 1395 1350 tenebat
1423 1287 1518 1352 viam.
1579 1308 1652 1351 cum
1684 1293 1793 1351 autem
1821 1285 1917 1371 longe
1945 1284 1987 1349 ab
2018 1284 2066 1348 eis

407 1396 611 1475 recessisset,
645 1413 816 1457 conversus
850 1398 1024 1455 retrorsum
1055 1391 1194 1454 elevavit
1228 1411 1359 1455 manum
1392 1399 1425 1456 et
1452 1393 1547 1456 solvit
1575 1413 1641 1458 eos.
1693 1393 1747 1478 qui
1777 1390 1873 1454 soluti
1895 1390 1928 1454 in
1950 1390 2062 1475 fugam

354 1494 390 1554 16
408 1499 495 1564 versi
517 1503 589 1561 sunt
612 1503 646 1561 et
668 1496 830 1560 neminem
853 1501 968 1581 postea
996 1494 1112 1558 inillis
1136 1495 1214 1558 locis
1238 1495 1411 1560 laeserunt.
1456 1495 1584 1561 Deinde
1609 1517 1681 1561 cum
1704 1494 1892 1581 disponeret
1913 1494 1947 1558 in
1970 1513 2061 1558 suam
2092 1511 2119 1550 ιο

409 1602 516 1667 redire
539 1601 688 1687 patriam,
711 1620 775 1663 non
790 1599 936 1685 permisit
951 1597 1040 1678 deus,
1065 1599 1119 1682 qui
1142 1618 1234 1662 suam
1249 1599 1416 1664 nobiscum
1432 1600 1565 1664 volebat
1578 1599 1785 1686 magnificare
1801 1595 2064 1663 misericordiam.

411 1727 485 1771 nam
515 1725 587 1769 cum
614 1704 667 1767 dei
689 1705 776 1767 iussu
799 1702 1002 1788 pervenisset
1024 1702 1056 1765 in
1080 1701 1285 1776 Armoricam¹
1306 1702 1468 1787 quondam
1492 1703 1618 1769 Galliae
1642 1704 1825 1788 regionem,
1856 1709 1930 1766 hmo
1953 1707 2064 1765 autem

411 1833 431 1874 a
453 1809 626 1888 Britannis,
649 1827 668 1871 a
691 1806 806 1892 quibus
830 1806 1065 1893 possidebatur,
1088 1806 1226 1870 Letavia
1248 1807 1434 1888 dicebatur,
1459 1808 1499 1872 ab
1524 1807 1570 1871 eis
1593 1809 1766 1873 honorifice
1792 1815 1919 1872 etcum
1942 1804 2064 1891 gaudio

412 1933 530 1997 magno
554 1917 721 1997 susceptus
746 1917 804 1974 est.
850 1911 919 1995 ipse
948 1917 1056 1974 autem
1084 1910 1268 1974 saeculares
1297 1910 1512 1996 fugitivosque
1542 1910 1689 1975 devitans
1718 1912 1857 1976 honores
1887 1909 2064 1974 theoricam

412 2017 515 2101 magis
538 2014 745 2079 desiderabat
769 2012 886 2078 ducere
910 2014 1018 2077 vitam.
1065 2020 1135 2078 erat
1157 2021 1266 2078 antem
1291 2021 1365 2078 tuuc
1388 2015 1542 2100 temporis
1566 2035 1667 2100 parva
1690 2036 1741 2080 res
1764 2035 1877 2099 regum
1905 2013 2063 2098 regnique
2092 2027 2117 2067 ιδ

411 2120 619 2184 Francorum.
670 2116 870 2181 Ohildericus
899 2117 983 2180 enim
1013 2137 1052 2180 ec
1080 2123 1228 2202 ternpore
1258 2116 1403 2181 Merovei
1425 2118 1508 2182 filius
1532 2119 1700 2203 gentilium
1731 2119 1829 2182 errori
1854 2116 1981 2182 deditus
2003 2117 2065 2180 im·

411 2223 549 2311 perabat
578 2222 724 2304 Francis,
756 2220 843 2306 quod
871 2241 916 2284 ex
946 2220 1046 2304 gestis
1074 2226 1220 2284 veterum
1248 2221 1390 2306 pmdens
1419 2221 1522 2286 lector
1550 2243 1748 2307 cognoscere
1772 2227 1889 2308 potest.
1935 2225 2066 2284 sanctus

412 2329 511 2414 igitur
533 2326 645 2391 Gildes
677 2325 808 2409 triginta
836 2323 961 2388 habens
984 2345 1084 2387 annos
1108 2325 1196 2388 venit
1227 2324 1269 2388 ad
1293 2324 1453 2409 quandam
1477 2325 1631 2408 insulam,
1658 2346 1741 2412 qnae
1768 2326 1800 2389 in
1823 2324 1966 2390 Reuvisii
1988 2324 2066 2410 pagi

410 2436 584 2518 prospectu
616 2430 677 2492 sita
710 2435 773 2506 est,
806 2428 913 2513 ibique
948 2427 1144 2512 aliquamdiu
1174 2428 1351 2492 solitariam
1386 2428 1478 2494 duxit
1507 2430 1616 2495 vitam.
1669 2429 1727 2494 sed
1750 2450 1814 2493 non
1836 2437 1910 2514 post
1933 2428 2065 2512 longum

256 2561 399 2609 nastasia.
410 2543 552 2621 tempus,
586 2554 658 2598 curn
688 2535 751 2597 iam
787 2553 850 2596 non
877 2539 989 2618 posset
1017 2551 1154 2595 accensa
1180 2532 1312 2596 lucerna
1343 2533 1402 2598 sub
1431 2533 1538 2598 rncdio
1569 2554 1718 2614 manere,
1742 2533 1801 2597 sed
1824 2553 1920 2618 super
1943 2531 2062 2597 cande·
2092 2549 2119 2589 (ο

409 2641 550 2720 labrum,
583 2644 619 2702 ut
646 2637 741 2702 vicini
775 2637 893 2720 quique
927 2657 965 2699 ac
997 2636 1064 2699 noti
1094 2637 1162 2700 eius
1193 2643 1259 2700 tam
1287 2658 1388 2723 prope
1421 2658 1517 2722 quam
1540 2639 1638 2722 longe
1662 2637 1814 2702 claritatis
1836 2637 1920 2701 illius
1943 2635 2064 2700 lumine

410 2745 602 2823 fruerentur,
627 2747 803 2826 coeperunt
825 2739 899 2803 hine
923 2738 1053 2803 atinde
1078 2741 1187 2804 venire
1211 2739 1253 2804 ad
1277 2761 1350 2804 eum
1375 2746 1408 2805 ct
1431 2743 1499 2805 eius
1523 2741 1711 2827 magisterio
1736 2747 1769 2805 et
1791 2739 1957 2804 doctrinae
1974 2759 2063 2802 com-

410 2846 564 2912 mendare
587 2845 669 2909 filios
692 2865 767 2908 suos
791 2842 996 2908 erudiendos:
1021 2864 1101 2929 quos
1125 2865 1237 2908 omnes
1259 2845 1399 2909 libenter
1421 2846 1599 2931 suscipiens
1621 2845 1777 2932 spirituali
1800 2865 1857 2909 eos
1880 2842 2061 2908 emditione

412 2951 589 3030 erudiebat.
635 2949 769 3013 veniens
796 2949 905 3034 itaque
935 2947 976 3011 ad
1000 2947 1164 3034 quoddam
1187 2954 1326 3012 castrum
1353 2949 1386 3013 in
1415 2956 1524 3015 monte
1548 2950 1693 3015 Reuvisii
1715 2950 1748 3014 in
1770 2955 1944 3034 prospectu
1966 2947 2065 3012 maris

412 3057 507 3121 situm
529 3054 573 3119 ibi
597 3054 729 3139 potioris
752 3053 894 3117 fabricae
918 3053 1096 3116 construxit
1118 3053 1348 3116 monasterium
1372 3060 1469 3139 atque
1493 3055 1525 3118 in
1549 3075 1588 3120 eo
1613 3055 1752 3118 claustra
1779 3052 1973 3118 coenobitali
1996 3052 2059 3116 ritu
2088 3070 2114 3112 rs

411 3159 557 3246 perfecit.
615 3158 670 3222 ubi
702 3164 826 3221 tantum
861 3157 929 3220 eius
963 3157 1093 3221 emicuit
1122 3157 1205 3238 vita,
1234 3163 1269 3221 ut
1291 3158 1419 3243 plurimi
1441 3158 1556 3222 infirmi
1580 3179 1618 3222 ac
1642 3157 1767 3223 debiles
1791 3163 1825 3222 et
1852 3156 1987 3242 leprosi,
2012 3155 2066 3241 qui

413 3264 659 3347 circumquaque
689 3265 794 3342 erant,
823 3260 865 3324 ad
894 3281 968 3325 amn
991 3261 1157 3325 venientes
1181 3261 1310 3325 sanitati
1339 3261 1407 3325 eius
1430 3261 1609 3326 actionibus
1633 3267 1666 3325 et
1688 3261 1811 3325 meritis
1834 3259 2066 3340 reddebantur,

413 3366 500 3453 quod
526 3365 684 3450 usquein
716 3384 869 3449 praesens
896 3371 1023 3450 tempus
1051 3364 1159 3428 lacere
1187 3385 1252 3428 non
1281 3364 1397 3430 desinit
1426 3365 1458 3428 in
1482 3365 1599 3429 eodem
1628 3365 1700 3429 loco
1725 3365 1794 3428 eius
1816 3364 1939 3429 meritis
1963 3363 2066 3426 omni-

357 3473 393 3534 17
413 3477 529 3555 potens
557 3467 646 3531 deus.
697 3466 787 3530 Tunc
811 3467 949 3552 denique
973 3467 1152 3531 construxit
1174 3487 1309 3552 parvum
1333 3468 1508 3532 oratorium
1531 3489 1628 3554 super
1650 3469 1754 3554 ripam
1777 3468 1915 3532 fluminis
1938 3466 2069 3530 Blaveti

414 3574 473 3638 sub
504 3572 645 3658 quadarn
672 3571 826 3634 eminenti
853 3592 933 3655 rupe
963 3571 1004 3636 ab
1034 3570 1202 3636 occidente
1230 3571 1262 3635 in
1291 3570 1448 3636 orientem
1476 3573 1580 3658 ipsam
1611 3594 1791 3638 concavans
1821 3592 1935 3659 rupem
1968 3568 2067 3634 etad
2094 3586 2121 3628 so

413 3680 498 3743 latus
522 3676 591 3740 eius
615 3674 765 3738 dextrum
790 3675 917 3760 erigens
939 3675 1097 3760 parietem
1122 3695 1300 3760 congruum
1323 3675 1400 3739 fecit
1423 3676 1609 3757 oratorium,
1633 3676 1693 3741 sub
1717 3697 1781 3762 quo
1806 3675 1846 3740 de
1871 3696 1952 3760 rupe
1976 3695 2066 3738 ems-

413 3803 491 3846 nare
522 3779 598 3843 fecit
626 3779 749 3842 fontem
778 3778 989 3864 perlucidum.
1036 3799 1109 3843 cum
1132 3799 1209 3843 vero
1234 3780 1410 3843 fenestram
1434 3780 1624 3844 orientalem
1653 3779 1799 3844 eiusdem
1829 3777 1958 3842 oratorii
1982 3778 2065 3841 vitro

414 3884 565 3949 claudere
597 3882 697 3946 vellet
723 3881 839 3945 beatus
869 3880 983 3945 Gildas
1013 3889 1045 3946 et
1074 3882 1192 3946 vitrum
1225 3882 1254 3945 ei
1283 3882 1428 3964 deesset,
1451 3889 1630 3969 prostratus
1653 3885 1685 3948 in
1708 3891 1796 3948 terra
1819 3882 1984 3947 dominum
2008 3880 2065 3945 de·

414 3993 573 4074 precatur.
626 4005 760 4068 surgens
791 3989 900 4048 autem
928 3985 969 4048 ab
1000 3987 1146 4050 oratione
1175 3985 1255 4049 abiit
1283 3985 1324 4050 ad
1353 3987 1515 4070 quandam
1543 4007 1657 4073 rupem
1691 3994 1724 4051 et
1759 4007 1801 4051 ex
1833 3987 1904 4071 ipsa
1936 3984 2066 4049 domino

413 4092 572 4175 largiente
596 4088 753 4174 optimum
777 4088 850 4152 tulit
872 4089 998 4153 vitrum.
1044 4089 1165 4154 molam
1188 4109 1318 4175 quoque
1341 4090 1386 4155 ibi
1409 4090 1495 4170 fecit,
1520 4091 1571 4155 cui
1593 4091 1733 4155 triticum
1747 4091 1880 4155 immisit
1902 4109 1940 4154 ac
1962 4108 2061 4152 manu
2089 4104 2114 4144 ³⁵

413 4195 522 4275 vertit,
552 4213 635 4278 quae
660 4213 761 4278 usque
784 4193 817 4256 in
839 4212 994 4277 praesens
1017 4199 1145 4279 tempus
1167 4193 1200 4256 in
1224 4192 1341 4257 codem
1363 4193 1435 4258 loco
1458 4201 1605 4258 servatur
1640 4201 1673 4258 et
1703 4215 1723 4258 a
1749 4193 1898 4258 fidelibus
1925 4193 2067 4274 infirmis,

414 4297 622 4384 operantibus
653 4317 725 4359 cum
753 4295 881 4360 Christo
911 4297 1011 4362 sancti
1041 4297 1098 4360 viri
1127 4297 1259 4370 meritis,
1288 4298 1462 4382 languores
1495 4298 1535 4361 ad
1569 4318 1642 4361 earn
1671 4299 1886 4384 expelluntur.
1932 4317 1993 4360 nec
2016 4301 2066 4359 est

415 4402 539 4468 silentio
563 4399 838 4486 praetereundum
862 4406 895 4463 et
917 4399 1006 4479 illud,
1027 4400 1115 4485 qnod
1137 4421 1196 4486 per
1219 4422 1293 4464 eum
1317 4402 1393 4466 fecit
1417 4402 1573 4484 dominus,
1599 4402 1796 4466 miraculum.
1840 4421 1914 4465 nam
1938 4420 2011 4463 cunr
2033 4399 2066 4462 in

415 4506 497 4570 cella
527 4502 667 4590 quadam
697 4502 749 4566 die
778 4524 851 4566 eum
880 4503 1031 4568 fratribus
1061 4511 1256 4584 moraretur,
1281 4512 1439 4569 venerunt
1465 4504 1507 4570 ad
1532 4526 1607 4569 eum
1630 4505 1789 4590 hospites:
1823 4525 1904 4590 quos
1927 4503 2067 4567 libenter

415 4609 590 4693 suscipiens
620 4606 712 4672 duxit
740 4606 781 4670 ad
811 4608 989 4671 orationem
1019 4628 1056 4672 ae
1086 4608 1203 4673 deinde
1234 4629 1363 4672 omnern
1395 4609 1441 4672 eis
1468 4608 1616 4673 adhibuit
1638 4608 1874 4672 humanitatem
1898 4611 1932 4671 et
1954 4607 2065 4669 lavans
2092 4615 2119 4656 ⁴⁰

414 4713 516 4799 pedes
544 4732 657 4776 corum
687 4731 725 4774 ac
752 4731 879 4791 manus,
909 4710 996 4794 quod
1024 4711 1152 4793 habuit,
1183 4733 1256 4776 cum
1280 4713 1414 4776 caritate
1438 4711 1529 4776 dedit
1552 4713 1608 4776 eis.
1662 4710 1721 4776 sed
1744 4732 1816 4776 curn
1840 4731 1905 4774 non
1927 4709 2065 4775 haberet

413 4818 521 4880 vinum
546 4814 633 4901 quod
657 4815 703 4878 eis
726 4814 892 4894 tribueret,
919 4814 1064 4878 oratione
1088 4815 1173 4880 facta
1198 4816 1288 4880 iussit
1312 4816 1446 4901 implere
1471 4837 1548 4879 vasa
1563 4816 1685 4879 vinaria
1708 4837 1792 4901 aqna
1808 4815 1949 4900 dataque
1966 4834 2064 4899 super

414 4942 486 4984 eam
509 4919 735 4984 benedictione
759 4918 899 4982 iussione
924 4918 1030 4981 divina
1059 4919 1090 4981 in
1115 4920 1270 5004 optimum
1295 4920 1402 4984 vinnm
1428 4926 1477 4982 est
1500 4940 1664 4983 conversa.
1711 4940 1809 5004 quarn
1832 4918 1982 4982 virtutem
2007 4917 2065 4982 ad-

413 5026 566 5088 mirantes
594 5023 699 5086 cuncti
726 5022 780 5106 qui
807 5021 943 5086 aderant
974 5022 1183 5107 omnipotenti
1213 5022 1341 5087 domino
1371 5023 1492 5107 gratias
1524 5023 1718 5104 retulerunt,
1750 5023 1804 5107 qui
1832 5022 1864 5084 in
1894 5022 2064 5106 euangelio

265 5142 312 5183 10».
327 5145 359 5190 u.
369 5144 402 5184 12.
413 5129 478 5192 suis
500 5127 650 5191 fidelibus
673 5126 867 5210 promiserat
893 5124 1017 5189 dicens:
1042 5129 1161 5211 ‘opera,
1186 5147 1270 5210 quae
1295 5147 1357 5211 ego
1380 5126 1474 5208 secio,
1499 5132 1532 5190 et
1547 5126 1608 5211 ipsi
1625 5126 1743 5190 facient
1760 5133 1792 5190 et
1811 5125 1932 5189 maiora
1948 5125 2063 5189 horum
2093 5133 2118 5172 ⁴⁵

358 5231 394 5293 18
415 5229 564 5294 ‘facient’.
611 5229 766 5303 Quamvis
790 5236 899 5294 autern
924 5230 996 5293 talia
1019 5251 1057 5293 ac
1080 5235 1187 5294 tantus
1212 5237 1314 5312 esset,
1338 5217 1378 5294 nt
1396 5251 1455 5316 per
1478 5251 1552 5294 eurn
1577 5229 1657 5293 deus
1682 5235 1729 5294 tot
1754 5230 1906 5294 miracula
1932 5229 2065 5312 faceret,

411 5334 492 5399 nulli
518 5341 626 5398 tamen
655 5354 690 5396 se
717 5331 941 5418 praeferebat,
969 5331 1029 5396 scd
1056 5332 1208 5397 humilior
1237 5334 1383 5398 omnibus
1407 5354 1479 5398 csse
1502 5333 1683 5398 videbatur.
1740 5334 1817 5397 licet
1839 5354 1916 5398 vero
1940 5334 2068 5399 abbatis

415 5459 523 5466 .-----.

518 5509 535 5561 5
552 5509 612 5559 inde
630 5526 648 5558 a
666 5507 847 5575 pulcritudinis
865 5507 931 5558 redit
943 5507 968 5557 B
1083 5507 1099 5559 6
1118 5506 1158 5574 ut]
1177 5515 1206 5559 tu
1220 5507 1250 5557 dl
1376 5505 1407 5558 13
1426 5509 1522 5560 letania
1535 5508 1560 5558 B
1674 5506 1707 5560 18
1724 5508 1862 5574 quemdam
1875 5507 1900 5558 B
1985 5524 2068 5560 reum-

414 5597 474 5648 uisii
487 5595 512 5645 B
615 5591 650 5644 24
667 5594 809 5660 rsumuysii
822 5593 847 5642 B
951 5591 984 5643 ‘27
1003 5590 1161 5659 actionibus]
1182 5594 1342 5645 orationibus
1354 5593 1380 5642 B
1490 5593 1525 5646 29
1543 5592 1663 5662 denique]
1683 5596 1774 5648 deinde
1785 5595 1811 5646 B
1919 5591 1953 5646 34
1971 5595 2026 5661 ipso
2039 5592 2069 5643 M

413 5679 447 5734 44
464 5683 511 5734 deo
521 5681 546 5731 B
