4554 6316
400 430 464 492 362
928 425 948 479 I.
970 424 1076 480 susm
1095 424 1255 482 THEONIS
1274 423 1539 483 ALEXANDRINI.

401 599 499 664 tiliam
523 597 610 665 idem
628 597 812 684 Hesychius
829 598 888 662 hos
904 599 1069 686 scripsisse
1085 598 1185 664 libros
1202 599 1316 664 tradit:
1341 593 1522 688 ὑπόμνημα
1541 596 1589 680 είς
1605 597 1803 688 Διόφαντον,
1826 597 1893 670 τὸν
1915 595 2060 690 όστρο-

400 698 567 789 νομικὸν
598 696 765 783 κανόνα,
793 697 842 782 είς
868 698 911 769 τό
939 699 1062 770 κωνικὰ
1090 695 1322 771 Ἀπολλεονίου
1353 699 1555 793 όμνόμνημα.
1602 727 1698 794 quam
1721 706 1763 771 ob
1787 726 1856 772 rem
1880 707 1967 772 haud
1990 707 2059 774 saio

401 829 442 872 an
465 807 563 872 futuri
595 808 672 889 sint,
703 808 758 894 qui
791 815 883 895 petre
914 815 1044 874 auctore
1075 829 1113 874 ae
1142 807 1223 874 duce
1255 809 1434 896 Hypatium
1465 810 1592 876 tabulas
1615 812 1782 876 manuales
1805 817 1998 878 retractasse
2023 817 2060 878 et

402 913 543 980 edidisse
573 919 730 995 statuent,
765 912 891 978 Theoni
922 914 983 1000 ipsi
1013 914 1057 978 nil
1085 913 1144 978 nisi
1177 915 1427 980 commentarios
1455 915 1528 980 illos
1557 914 1697 982 adscribi
1720 935 1825 1002 posse.
1871 915 1983 980 Inutile
2007 921 2061 980 est

401 1037 559 1104 quaerere
583 1024 617 1082 et
639 1036 768 1103 semper
790 1017 874 1081 intra
897 1016 1091 1083 domesticos
1114 1017 1256 1083 Theonis
1279 1019 1420 1106 parietes
1446 1018 1593 1086 abditum
1617 1020 1694 1102 erit,
1720 1039 1803 1106 quae
1827 1019 1947 1084 luerint
1968 1019 2059 1084 tiliae

400 1123 433 1186 in
457 1120 574 1186 tabulis
596 1119 809 1186 retractandis
832 1127 951 1206 partes.
998 1121 1091 1186 Theo
1114 1142 1178 1187 non
1201 1123 1305 1188 solum
1328 1129 1440 1188 auctor
1463 1124 1542 1206 fuit,
1572 1124 1631 1188 sed
1655 1125 1754 1189 etiam
1776 1125 1846 1209 ipse
1870 1122 2061 1188 retractavit

401 1231 436 1290 et
458 1224 634 1290 adnotavit.
680 1231 804 1290 certum
825 1224 887 1290 hoc
911 1232 960 1290 est
983 1246 1023 1290 ca
1051 1247 1086 1291 re
1111 1225 1197 1312 quod
1225 1227 1257 1291 in
1281 1229 1512 1294 commentario
1535 1229 1691 1314 ampliore
1716 1226 1757 1292 de
1787 1227 1905 1293 tabulis
1935 1227 2059 1314 scripto

400 1331 470 1416 ipse
494 1329 688 1394 scholiorum
711 1330 856 1394 meminit
879 1349 962 1416 quae
987 1331 1139 1416 exemplo
1156 1350 1214 1394 suo
1230 1331 1413 1396 tabularum
1429 1330 1626 1418 adposuerat
1638 1332 1678 1414 ¹):
1705 1351 1841 1418 quorum
1858 1331 2059 1396 mentionem

401 1433 521 1498 inicere
543 1453 608 1497 non
630 1433 746 1518 potuit,
769 1434 829 1498 nisi
852 1434 1042 1520 apographa
1063 1434 1147 1498 illius
1171 1436 1315 1521 exempli
1338 1435 1502 1522 discipulis
1535 1443 1665 1524 praesto
1689 1436 1835 1501 luissent.
1882 1433 2059 1500 Commen-

402 1537 519 1603 tarium
548 1538 737 1625 ampliorem
767 1538 859 1604 Theo
885 1545 959 1625 post
981 1559 1010 1603 a.
1032 1542 1095 1604 365
1118 1561 1149 1625 p.
1165 1538 1241 1604 Ohr.
1265 1541 1392 1627 scripsit
1401 1540 1438 1625 ²),
1463 1540 1646 1606 breviorem
1669 1541 1752 1606 intre
1782 1560 1811 1604 a.
1834 1542 1896 1606 363
1921 1546 1954 1604 et
1977 1541 2060 1603 372:

404 1641 531 1706 tabulas
553 1642 721 1707 manuales
744 1664 828 1708 anno
853 1645 914 1707 372
939 1643 1043 1708 editas
1067 1663 1138 1708 esse
1161 1644 1245 1709 infra
1267 1645 1448 1731 apparebit.
1493 1643 1579 1710 unde
1603 1646 1698 1710 simul
1714 1645 1807 1710 Theo
1831 1665 1943 1710 eorum
1967 1664 2060 1709 erro-

403 1767 473 1810 rum
505 1746 601 1831 culpa
630 1745 801 1828 liberatur,
834 1746 949 1833 quibus
979 1748 1011 1812 in
1038 1748 1270 1834 imperatorum
1295 1749 1406 1814 tabule
1429 1750 1503 1815 anni
1520 1748 1742 1815 Valentiniani
1766 1756 1799 1814 et
1814 1748 1963 1813 Valentis
1987 1767 2060 1812 cor-

404 1857 603 1938 rumpuntur.

509 1956 639 2022 Incerta
666 1957 823 2019 memoria
855 1961 905 2020 est
935 1955 1145 2037 Cleonaei,
1177 1957 1231 2043 qui
1260 1962 1294 2021 et
1323 1957 1395 2042 ipse
1425 1957 1458 2022 in
1481 1956 1611 2022 tabulas
1632 1956 1800 2022 manuales
1824 1960 2063 2019 commentatus
2130 1953 2132 1956 ’

405 2081 476 2126 esse
500 2059 636 2125 videtur.
688 2061 776 2124 ouius
806 2061 1029 2125 commentarii
1059 2061 1276 2146 fragmentum
1311 2055 1397 2148 πρὸς
1426 2055 1464 2127 τό
1494 2057 1530 2141 ἐξ
1552 2053 1714 2147 ἀναλόγου
1736 2061 1801 2144 τῶν
1823 2052 2063 2144 παραλλάξεων

404 2170 551 2230 servatur
572 2165 605 2228 in
628 2163 790 2249 farragine
813 2164 966 2246 miscella,
991 2185 1074 2250 quae
1098 2163 1200 2229 codici
1223 2164 1442 2229 Laurentiano
1467 2163 1617 2230 XXVIII
1637 2168 1674 2230 12
1698 2163 1853 2229 subicitur
1876 2163 1896 2226 l'.
1916 2166 2004 2227 409⁹.

507 2267 587 2332 Post
609 2266 788 2350 Theonem,
812 2275 966 2354 quantum
990 2268 1121 2354 quidem
1145 2289 1207 2354 ego
1230 2269 1344 2350 norIm,
1368 2270 1489 2354 primus
1505 2270 1644 2334 occurrit
1667 2267 1897 2353 Stephanus
1913 2265 2061 2331 Alexan-

405 2372 523 2438 drinus.
574 2372 628 2457 qui
659 2392 732 2436 cum
760 2372 996 2459 philosophIam
1025 2380 1059 2437 st
1089 2372 1290 2438 mathemata
1322 2372 1543 2438 Alexandriae
1570 2373 1750 2453 docuisset,
1772 2371 1830 2436 ubi
1853 2391 1926 2436 eum
1950 2371 2063 2456 primis

405 2479 474 2543 fere
498 2476 619 2541 saeculi
635 2474 700 2538 VII
717 2476 815 2539 annis
838 2473 1037 2561 Sophronius
1061 2477 1195 2561 eiusque
1226 2496 1335 2541 comes
1362 2477 1525 2542 Iohannes
1555 2475 1681 2541 Moschi
1710 2471 1911 2559 audivere⁸)‚
1934 2474 2064 2540 circiter

405 2604 435 2647 a.
452 2585 515 2645 616
539 2585 596 2644 aut
618 2579 768 2664 proximo
791 2578 832 2643 ab
856 2579 932 2665 imp.
948 2579 1101 2644 Heraclio
1118 2577 1429 2667 Constantinopolim
1448 2586 1582 2646 vocatus
1606 2587 1640 2645 et
1655 2579 1846 2666 professoris
1863 2579 2063 2644 oecumenici

406 2685 564 2770 dignitate
593 2689 723 2746 ornatus
747 2687 805 2748 est.
852 2702 912 2748 nec
935 2683 1035 2747 multo
1058 2689 1132 2769 post
1154 2678 1357 2771 διασόφησιν
1386 2685 1446 2774 τῆς
1476 2684 1542 2750 τῶν
1570 2678 1752 2770 προχείρων
1773 2677 1918 2748 κανόνων
1939 2677 2063 2770 ἐφόδου

406 2788 533 2875 scripsit
555 2808 584 2850 a.
608 2808 640 2872 p.
664 2785 739 2852 Ohr.
762 2784 872 2868 blssltl,
906 2787 954 2851 cui
984 2807 1057 2851 cunr
1087 2787 1164 2873 imp.
1188 2786 1359 2852 Heraclius
1383 2795 1438 2853 aut
1460 2787 1519 2852 sub
1544 2788 1612 2852 eius
1635 2788 1766 2852 nomine
1796 2787 1932 2872 scriptor
1954 2786 2065 2871 capita

408 2896 468 2960 tria
490 2888 785 2956 XXVHI-XXX
813 2888 1008 2971 addidisset,
1042 2890 1152 2955 evenit
1178 2896 1214 2955 ut
1242 2896 1328 2956 totus
1360 2891 1444 2956 liber
1474 2891 1665 2978 plerumque
1694 2891 1804 2978 inepte
1826 2888 1980 2954 Heraclio
2004 2886 2063 2952 ad-

407 2998 609 3065 scriberetur.
683 2993 838 3058 nonnulla
876 2993 981 3079 capita
1020 2993 1203 3078 speciminis
1245 3014 1342 3059 causa
1381 2993 1468 3059 edidi
1505 2994 1538 3058 in
1577 2995 1851 3059 commentatione
1890 3013 1986 3079 quam
2021 2992 2063 3058 de

408 3100 574 3188 Stephano
597 3097 820 3164 Alexandrino
850 3098 962 3184 scripsi
985 3097 1118 3163 Bonnae
1146 3101 1227 3162 1880
1250 3120 1281 3184 p.
1298 3101 1339 3164 38
1353 3119 1439 3185 sqq..
1463 3098 1518 3163 ubi
1543 3119 1626 3185 quae
1650 3097 1692 3163 de
1725 3099 1796 3184 ipso
1819 3097 1902 3163 libro
1926 3098 2064 3184 exposui

407 3228 438 3292 p.
456 3202 594 3291 33sq.⁴)
617 3202 679 3267 hoc
700 3203 772 3267 loco
793 3202 913 3268 iterare
936 3203 1022 3268 nolo.
1067 3201 1217 3266 Eundem
1240 3203 1337 3267 etiarn
1361 3203 1489 3268 tabulas
1506 3204 1708 3268 recensuisse
1733 3203 1872 3267 sirecte
1897 3201 2008 3282 statui,
2030 3198 2064 3265 id

409 3308 496 3396 quod
532 3308 615 3373 infra
650 3308 793 3372 excussis
828 3307 918 3372 fastis
952 3306 1172 3372 consularibus
1209 3306 1348 3392 probare
1383 3306 1543 3388 conabor,
1580 3306 1697 3372 cadem
1732 3327 1833 3393 opera
1865 3305 2065 3390 Intellegitur

409 3414 609 3501 Stephanum
633 3432 661 3475 a.
679 3415 741 3476 615
766 3416 799 3476 et
821 3409 1042 3475 Alexandriae
1067 3409 1199 3497 quidem
1222 3410 1407 3475 tabularum
1429 3412 1628 3476 manualium
1651 3411 1800 3498 syllogen
1824 3407 1975 3473 edidisse.

513 3515 680 3602 Stephano
713 3516 745 3578 in
780 3514 891 3580 codice
922 3514 1081 3580 Vaticano
1115 3536 1161 3600 gr.
1187 3518 1247 3580 304
1284 3515 1456 3580 chartaceo
1491 3537 1515 3579 s.
1538 3514 1602 3579 XV
1631 3521 1664 3580 et
1691 3512 1864 3578 Parisiensi
1892 3511 1971 3578 bibl.
1997 3517 2064 3576 nat.

409 3644 456 3708 gr.
474 3622 559 3684 2492
581 3619 786 3704 subiungitur
808 3612 943 3703 ἑτέρου
967 3613 1157 3706 ἐξηγητοῦ
1179 3612 1227 3696 εἰς
1248 3612 1326 3697 τοὺς
1346 3613 1542 3704 προχείρους
1561 3612 1699 3697 κανόνας
1714 3615 1964 3682 commentarius
1979 3613 2065 3686 XIII

409 3726 551 3812 capitum
564 3721 600 3808 ⁵),
636 3723 724 3786 cuius
753 3722 888 3807 scriptor
916 3722 1046 3807 ignotus
1075 3723 1139 3787 iam
1171 3742 1236 3786 non
1268 3722 1359 3786 annis
1389 3721 1532 3809 Philippi
1561 3728 1617 3787 aut
1643 3721 1842 3787 Diocletiani
1872 3717 1931 3784 sed
1953 3719 2064 3784 mundi

410 3828 598 3916 Byzantinis
620 3827 729 3891 utitor.
764 3845 863 3911 aegre
887 3825 956 3890 lero
978 3845 1031 3890 me
1055 3846 1129 3890 eum
1152 3844 1217 3890 non
1239 3825 1287 3890 ita·
1308 3826 1554 3911 perlustravisse
1578 3831 1614 3891 ut
1636 3826 1801 3912 temporis,
1825 3845 1888 3912 quo
1912 3829 1968 3889 aut
1989 3829 2066 3911 post

410 3930 498 4020 quod
520 3931 656 4017 scriptus
680 3933 776 4009 esset,
799 3935 908 3993 notam
930 3929 1169 4015 investigarem.

514 4035 593 4099 Post
623 4032 788 4098 saeculum
822 4030 983 4097 decimum
1013 4031 1181 4117 discipline
1210 4052 1316 4096 rerum
1347 4031 1535 4096 caelestium
1559 4030 1656 4096 foede
1680 4029 1768 4119 apud
1792 4029 1936 4096 Graecos
1958 4029 2065 4095 lacuit.

410 4140 520 4225 magni
548 4138 608 4203 sibi
631 4135 825 4202 videbantur
847 4136 901 4221 qui
924 4141 1109 4223 computum
1131 4134 1319 4221 paschalem
1343 4142 1466 4200 norant.
1524 4141 1627 4200 artem
1652 4135 1834 4201 Ptolemaei
1857 4134 2065 4220 Theonieque

409 4247 460 4312 his
488 4242 656 4309 Graeculis
691 4241 833 4326 oportuit
865 4261 885 4303 a
918 4240 1027 4304 Persis
1060 4238 1198 4324 reddiI).
1255 4239 1315 4304 hoc
1343 4260 1414 4304 cum
1445 4240 1552 4325 priore
1579 4245 1673 4325 parte
1696 4239 1818 4304 saeculi
1840 4237 1923 4303 XIV
1945 4237 2066 4302 lactum

518 4399 538 4468 ¹)
557 4400 623 4452 Satis
635 4399 683 4451 erit
695 4417 764 4451 unus
776 4415 852 4464 quem
866 4399 893 4448 in
906 4398 1033 4464 excerptis
1047 4399 1109 4450 meis
1121 4397 1225 4449 invenio
1237 4398 1309 4449 locus
1324 4399 1335 4448 1
1350 4395 1384 4449 10
1402 4395 1437 4463 (V
1449 4394 1512 4449 301¹
1530 4399 1558 4448 M
1569 4393 1627 4462 49¹)
1645 4393 1682 4453 ολς
1702 4391 1814 4464 ἔφαμεν
1831 4390 1877 4446 καί
1894 4391 1925 4446 ἐν
1942 4393 1981 4464 τῷ
1998 4410 2066 4462 προ-

410 4486 494 4558 χείρῳ
513 4483 603 4537 πελτῶν
615 4483 724 4554 σγολίῳ.
760 4488 792 4538 ct.
806 4488 817 4535 l
831 4481 864 4536 14
877 4486 910 4548 (V
922 4482 988 4536 303*
1001 4483 1097 4548 1162)
1111 4481 1141 4534 ἐν
1155 4482 1192 4553 τῷ
1202 4482 1403 4554 πραγειροτέρῳ
1416 4478 1634 4551 ἑαυτῶνσγολίην
1651 4521 1658 4532 .
1722 4477 1880 4550 ἐδηλοῦμεν.
1958 4479 1979 4546 ²)
1992 4482 2067 4534 Com-

411 4576 565 4628 mentarinm
591 4576 618 4625 in
640 4573 745 4626 tabulas
768 4573 918 4640 ampliorem
940 4573 1012 4623 Theo
1030 4573 1140 4637 scripsit,
1158 4578 1293 4638 postquam
1320 4573 1346 4622 in
1372 4573 1495 4637 syntaxin
1515 4587 1636 4638 magnam
1656 4569 1793 4622 Ptolemaei
1812 4574 2000 4621 commentatus
2018 4575 2066 4634 est,

366 4705 369 4711 .
411 4663 500 4715 6616
519 4661 551 4726 (V
563 4659 626 4712 296ε
645 4663 671 4711 M
684 4659 791 4725 416εη.)
811 4653 855 4708 διό
872 4653 918 4708 καί
937 4655 967 4708 ἐν
986 4655 1041 4714 τοῖς
1059 4656 1105 4723 τῆς
1122 4653 1275 4714 συντάξεως
1293 4654 1413 4723 σγολίυις
1431 4695 1437 4706 .
1452 4693 1478 4706 ..
1498 4655 1712 4728 παρατεθείμεθα
1735 4651 1783 4705 τόν
1802 4647 1888 4705 αότόν
1904 4650 2009 4724 χρόνον
2026 4654 2067 4706 16

412 4751 445 4815 (V
457 4747 524 4800 296*
541 4747 638 4810 11416)
661 4742 753 4803 καθώς
776 4739 823 4795 καί
847 4742 878 4796 ἐν
899 4741 956 4802 τοῖς
977 4742 1024 4811 τῆς
1046 4739 1198 4801 συντάξεως
1220 4729 1340 4811 σγυλίυις
1358 4780 1364 4794 .
1379 4781 1405 4793 ..
1426 4736 1633 4809 όπεόείκνυμεν.
1675 4744 1701 4792 in
1724 4742 1907 4794 commentario
1930 4749 2068 4808 syntaxeos

411 4837 529 4903 exempla
546 4835 660 4902 computi
678 4833 776 4885 lunaris
794 4851 816 4884 a
829 4830 907 4894 selle
924 4833 1062 4884 observata
1078 4831 1241 4896 adhibentur,
1260 4833 1292 4883 cl.
1305 4831 1421 4898 Scaliger
1438 4831 1469 4882 de
1481 4831 1580 4882 emend.
1593 4836 1670 4896 temp.
1684 4847 1709 4896 p.
1722 4827 1774 4881 466
1791 4829 1831 4880 ed.
1845 4831 1870 4880 Il
1888 4833 1915 4880 et
1932 4829 1968 4878 Ill
1981 4828 2076 4879 Fabri.

412 4927 468 4976 clus
486 4923 548 4975 bibl.
567 4917 731 4981 causae
748 4921 808 4971 adn.
827 4922 844 4984 f,
863 4935 888 4986 g,
907 4919 924 4968 h
944 4917 972 4984 (t.
985 4920 1046 4968 Vlll
1065 4935 1087 4985 p.
1100 4915 1151 4970 211
1170 4918 1209 4970 ed.
1224 4917 1254 4982 1).
1290 4919 1321 4969 de
1344 4924 1457 4984 tempore
1481 4917 1605 4970 brevioris
1630 4915 1806 4969 commentarii
1830 4915 1884 4966 dixi
1902 4931 1967 4966 mus.
1985 4914 2068 4966 Rhea.

412 5011 526 5062 XXVIII
550 5027 575 5076 p.
587 5005 640 5059 403
649 5024 687 5072 q.
794 5005 814 5068 ⁸)
833 5007 926 5057 Narrat
951 5005 1078 5056 lohannes
1105 5006 1205 5057 Moschi
1231 5005 1302 5056 I'rati
1329 5005 1409 5070 spirit.
1437 5021 1459 5055 o.
1479 5004 1601 5055 LXXVII
1627 5002 1665 5066 (in
1688 5002 1781 5069 Mignii
1808 5009 1873 5068 patr.
1895 5017 1934 5068 gr.
1960 4997 2068 5065 a87,3

412 5114 437 5164 p.
449 5091 544 5158 seam)
560 5086 731 5162 Ἀπηλθομεν
749 5089 779 5144 ἐν
790 5090 844 5160 μιηῖ
856 5091 894 5149 είς
906 5087 954 5142 τόν
966 5075 1042 5141 οἶκον
1055 5087 1198 5160 Στεφάνου
1217 5091 1265 5142 τοῦ
1283 5089 1418 5159 σοφιστοῦ
1437 5086 1493 5157 tyci
1510 5083 1555 5139 καί
1574 5085 1590 5138 ό
1608 5084 1699 5155 κόρους
1712 5084 1876 5156 Σωφρόνιος,
1895 5088 1941 5138 ἵνα
1959 5083 2068 5158 πράξω-

411 5199 465 5250 μεν
484 5179 525 5248 [cf.
544 5181 682 5232 relationes
704 5179 834 5231 societatis
857 5178 906 5229 litt.
925 5179 1102 5246 (tettingensls
1119 5196 1142 5230 a.
1157 5175 1225 5229 1892
1243 5195 1266 5245 p.
1278 5175 1339 5240 208,
1351 5174 1411 5244 64],
1430 5161 1467 5243 ἢν
1489 5171 1520 5226 δὲ
1540 5170 1736 5245 μεσημβρινόν.
1779 5169 1878 5240 ἔμενεν
1902 5169 1933 5224 δὲ
1956 5173 1994 5232 εἰς
2018 5169 2070 5238 τήν

413 5265 497 5335 όγίαν
520 5263 662 5330 θεοτόκον,
686 5261 721 5333 ἢν
744 5257 923 5334 ᾠκοδόμησεν
946 5261 962 5314 o‘
983 5261 1118 5331 μακάριος
1143 5261 1236 5322 πάντας
1258 5257 1388 5331 Εόλόγιος
1413 5260 1455 5330 [ab
1473 5281 1495 5314 a.
1509 5258 1670 5328 580-6071,
1694 5257 1744 5327 τήν
1762 5257 2005 5330 ἐπονομαζομένην
2022 5258 2071 5326 τῆς

414 5353 565 5423 Δωροθίας.
603 5351 638 5411 νίς
662 5338 712 5405 σόν
730 5349 900 5420 ἐκρούσαμεν
925 5351 963 5408 εἰς
986 5348 1034 5403 τόν
1058 5335 1134 5402 οἷκον
1157 5351 1206 5402 τοῦ
1223 5347 1395 5420 φιλοσόφου,
1419 5348 1579 5420 παρέκυψεν
1596 5345 1663 5417 κόρη
1681 5347 1812 5415 λέγουσιν
1833 5343 1975 5399 Καθεύδει.
2012 5338 2071 5396 ἀλλ’

412 5438 507 5508 ὀλίγον
524 5437 709 5508 ε’ξικακήσατε.
746 5437 808 5492 τότε
824 5436 859 5506 δή
871 5437 942 5506 λέγω
955 5437 993 5508 api
1004 5435 1087 5510 κυρίῳ
1102 5435 1264 5508 Σωφρονίῳ·
1280 5434 1404 5507 Ἄγωμεν
1417 5435 1498 5507 ἐντῷ
1513 5432 1681 5504 Τετραπόλην,
1695 5429 1773 5486 arisai
1790 5431 1927 5503 μένωμεν.
1963 5428 2069 5485 ἔστιδὲ

413 5527 428 5582 o'
447 5525 529 5586 τόπος
546 5527 595 5580 τοῦ
615 5525 786 5598 Τετραπόλυυ
803 5523 877 5577 πάνυ
895 5522 1042 5593 σεβόσμυος
1059 5522 1135 5593 παρὰ
1152 5522 1208 5582 τοῖς
1224 5517 1427 5592 Ἀλεξανδρεῦσι
1445 5522 1500 5575 κτλ.
1587 5521 1607 5590 ⁴)
1626 5523 1674 5573 Vel
1691 5523 1718 5572 in
1737 5522 1821 5574 indice
1839 5521 1978 5586 lectionum
1997 5520 2071 5572 univ.

413 5619 496 5670 Bonn.
514 5623 576 5668 aest.
598 5613 666 5667 1880
684 5633 709 5682 p.
721 5611 802 5682 8sqq.
821 5611 885 5680 3sq.
963 5611 984 5680 ι)
1003 5610 1042 5666 Ol.
1061 5615 1092 5666 de
1111 5614 1241 5682 Stsplmno
1259 5613 1334 5665 Alex.
1353 5619 1488 5664 comment
1508 5629 1531 5678 p.
1544 5608 1576 5663 31
1596 5617 1623 5662 et
1640 5607 1681 5662 55.
1764 5606 1786 5675 Ι)
1804 5609 1866 5660 Dixi
1884 5608 1916 5659 de
1934 5607 1974 5660 his
1992 5607 2071 5659 rebus

412 5707 441 5757 in
460 5704 580 5773 symbola
598 5702 631 5754 ad
650 5701 784 5754 historiam
802 5701 974 5755 aeconomiae
992 5698 1089 5768 (progr.
1107 5701 1178 5752 univ.
1197 5701 1279 5752 Bonn.
1293 5695 1371 5763 1816)
1389 5715 1414 5765 p.
1427 5693 1538 5749 24-26.
1574 5714 1626 5764 qno
1648 5696 1723 5747 modo
1747 5693 1907 5748 aChionide
1930 5693 1989 5746 libri
2010 5694 2071 5746 Pcr-

413 5808 501 5844 sarum
520 5792 712 5857 Trapezuntem
731 5788 811 5841 adlati
830 5788 889 5852 sint,
908 5787 971 5839 audi
990 5787 1130 5854 Georgium
1149 5785 1349 5853 Chrysococcem
1369 5793 1515 5836 nouantem
1535 5783 1629 5836 ibidem
1647 5799 1671 5849 p.
1684 5777 1725 5832 21.
