4554 6314
739 361 786 415 DE
803 359 950 416 uxclnro
968 359 1017 415 BT
1036 360 1257 426 CONQVldS'I'V
1275 360 1516 419 BBITANNIAB.
1934 371 1954 430 9

302 541 500 598 memoratur
523 533 640 598 deinde
664 533 828 599 Ambrosii
850 534 1018 599 Aureliani
1047 535 1135 600 ducis
1164 535 1384 600 Romanorum
1415 535 1601 602 Britanniae
1626 541 1809 625 provinciae
1839 540 1954 603 civium

301 638 436 702 victoria
459 637 500 703 de
523 637 668 703 barbaris
691 659 818 723 magna,
841 660 938 724 quam
962 644 1161 724 reportatam
1184 659 1257 703 esse
1281 639 1482 724 aliquantum
1504 645 1580 704 ante
1598 663 1694 727 quam
1711 641 1807 708 Gilda
1829 643 1956 728 scripsit

301 740 376 806 inde
401 741 547 822 efficitur,
570 740 657 827 quod
678 742 705 805 is
721 741 820 806 rerba
843 741 920 807 facit
942 741 982 805 de
999 740 1166 806 Aureliani
1182 742 1293 806 subole
1311 740 1520 826 degenerata.
1565 751 1638 828 port
1661 747 1837 811 certamina
1859 747 1954 831 plura

303 851 422 910 eventu
445 845 531 910 lacta
551 849 653 928 (nane
667 845 747 908 cives
761 867 847 910 nane
861 845 964 910 bootes
976 846 1156 923 vincebant)
1171 845 1306 910 victoria
1321 845 1426 908 altera
1442 867 1514 910 oum
1530 847 1716 913 obsessione
1734 849 1851 913 montis
1867 850 1955 914 vario

302 947 459 1012 Badonici
481 947 551 1034 (qui
573 948 629 1012 ubi
652 949 757 1031 buerit,
781 949 960 1035 ignoratur)
985 951 1154 1014 coniuncta
1175 949 1298 1013 incerto
1321 969 1429 1013 rerum
1453 951 1550 1013 statui
1573 951 1671 1015 finem
1701 953 1864 1038 imposuit,
1880 974 1955 1017 nam

305 1057 418 1116 auctor
440 1051 582 1117 scribere
605 1073 641 1116 se
665 1053 710 1116 ait
732 1054 931 1139 temporibus
955 1053 1143 1138 tranquillis.
1189 1051 1346 1137 proelium
1369 1051 1584 1129 Badouicum,
1614 1056 1640 1118 si
1662 1076 1740 1119 vers
1764 1062 1836 1120 sunt
1859 1076 1955 1141 supra

305 1155 463 1240 exposita,
487 1155 608 1220 factum
632 1162 682 1221 est
703 1162 778 1222 aute
802 1178 902 1222 anuos
924 1155 1036 1221 XLIV
1058 1169 1156 1242 quam
1179 1157 1305 1242 scripsit
1327 1154 1458 1237 Gildas,
1485 1156 1518 1220 id
1548 1163 1598 1222 est
1620 1179 1704 1223 auno
1730 1159 1858 1224 circiter
1882 1162 1955 1223 500.

307 1265 373 1323 tam
396 1259 563 1324 victoriam
585 1267 735 1346 paratam
758 1282 853 1347 quam
877 1281 992 1347 pacem
1015 1267 1160 1325 secutam
1183 1265 1275 1346 patet
1297 1259 1518 1345 accipiendam
1541 1281 1613 1326 esse
1643 1282 1715 1326 cum
1738 1263 1846 1348 aliquo
1870 1269 1953 1326 tcm-

304 1369 510 1448 peramento;
545 1363 693 1430 Saxones
728 1386 833 1450 neque
866 1366 992 1450 expulsi
1026 1371 1094 1428 tum
1122 1369 1195 1428 suut
1225 1363 1265 1427 de
1292 1364 1397 1427 insula
1423 1384 1530 1449 neque
1560 1365 1621 1430 hoo
1651 1366 1829 1450 significare
1853 1366 1955 1430 voluit
1990 1437 1994 1446 ,

306 1464 429 1548 Gildas,
452 1467 511 1532 sed
528 1469 569 1533 ab
584 1469 709 1533 insulae
726 1470 858 1554 regione
875 1490 925 1550 ea,
948 1468 989 1534 de
1013 1490 1076 1554 qua
1091 1467 1204 1533 Gildas
1227 1466 1428 1553 potissimum
1449 1468 1612 1553 cogitavit,
1636 1468 1800 1533 Brittones
1816 1468 1956 1532 Romani

304 1569 461 1635 barbaros
489 1592 549 1656 per
578 1570 710 1657 aliquod
736 1577 864 1657 tempus
894 1577 1073 1636 arcuerrmt.
1124 1571 1164 1635 de
1194 1571 1264 1656 ipsa
1291 1571 1425 1635 victoria
1451 1570 1617 1636 Badonica
1647 1593 1729 1657 quae
1760 1573 1955 1659 posteriores

304 1678 445 1756 narrant,
468 1681 673 1760 sumpserunt
696 1696 715 1738 a
738 1674 843 1740 Gilda.
889 1675 1014 1740 Bedam
1039 1697 1111 1740 eum
1133 1674 1230 1740 modo
1253 1674 1427 1740 viderimus
1456 1696 1528 1740 eam
1555 1675 1738 1741 adscribere
1769 1676 1810 1740 ad
1834 1697 1953 1740 anuum

187 1792 190 1797 ’
305 1777 436 1842 XLIIII
459 1784 533 1863 post
555 1778 730 1844 adventum
755 1778 921 1844 Saxonum
948 1779 989 1844 ab
1018 1780 1087 1866 ipso
1112 1780 1304 1846 collocatum
1327 1801 1356 1844 a.
1380 1801 1406 1846 c.
1424 1784 1486 1844 450
1510 1778 1659 1863 (dicimus
1689 1779 1729 1844 de
1754 1801 1794 1845 eo
1818 1800 1900 1844 anno
1924 1779 1956 1844 in

305 1881 506 1967 praefatione
523 1881 565 1946 ad
581 1882 730 1948 chronica
747 1882 908 1969 Bedans),
932 1883 1033 1948 verba
1047 1883 1186 1948 auctoris
1203 1889 1326 1947 temere
1343 1883 1559 1968 interpolavit,
1583 1883 1641 1947 sed
1657 1904 1768 1965 annus,
1792 1882 1834 1947 ad
1857 1903 1954 1968 quem

304 1984 351 2047 ita
373 1985 530 2070 pervenit,
553 1985 664 2050 incidit
687 1987 754 2051 fere
783 1988 815 2052 in
838 1989 942 2073 ipsum
972 1988 1062 2052 illum
1091 2007 1168 2052 vere
1198 1985 1381 2051 Gildanum.
1436 1987 1569 2051 annales
1592 1987 1764 2052 Bambriae
1788 1985 1875 2072 quod
1898 1985 1955 2050 ad·

306 2087 449 2152 scribunt
470 2088 513 2152 ad
535 2109 654 2154 annum
677 2112 769 2156 suum
790 2089 921 2155 LXXII
944 2091 1011 2155 sire
1035 2090 1066 2177 p.
1084 2089 1159 2154 chr.
1176 2093 1251 2154 516:
1275 2089 1386 2154 bellam
1409 2089 1570 2169 Batonis,
1593 2091 1629 2154 in
1651 2111 1712 2171 qno
1735 2088 1862 2154 Artbar
1877 2110 1955 2170 por·

307 2189 387 2254 tavit
408 2212 531 2257 amram
553 2193 674 2260 domini
694 2196 797 2261 nostri
818 2195 895 2260 Iesu
920 2195 1041 2260 cansa
1064 2195 1166 2259 tribas
1188 2194 1297 2260 diebus
1318 2199 1348 2258 et
1370 2194 1472 2259 trabas
1495 2193 1638 2258 noctibas
1660 2195 1695 2258 in
1717 2193 1863 2258 humeros
1883 2214 1958 2258 snos

306 2301 335 2360 et
349 2296 514 2362 Brittones
535 2298 664 2364 meteres
684 2300 818 2380 fuerant
831 2301 866 2384 ¹),
889 2305 925 2364 ut
946 2301 1052 2386 ipsum
1074 2305 1264 2386 excerptum
1288 2304 1337 2363 est
1360 2320 1401 2364 ex
1419 2298 1572 2363 historiae
1588 2298 1769 2363 Brittonum
1785 2296 1954 2361 fabulosae

308 2420 334 2463 c.
352 2402 403 2479 56,
426 2400 472 2464 ita
496 2402 642 2487 epochae
666 2425 795 2491 quoque
818 2405 887 2469 iure
911 2403 1112 2485 diffidemus,
1142 2423 1338 2489 quamquam
1365 2422 1405 2466 ue
1435 2423 1475 2466 ea
1504 2401 1633 2488 quidem
1657 2401 1791 2466 multum
1816 2399 1957 2464 distata

307 2523 385 2566 vera
401 2503 441 2567 ab
456 2503 553 2569 Gilda
569 2505 719 2573 indicata.
732 2543 775 2594 5-
790 2507 846 2572 Sui
863 2509 1017 2595 temporis
1032 2514 1151 2573 statum
1164 2507 1287 2571 insulae
1301 2504 1414 2570 Gildas
1430 2507 1529 2571 talem
1544 2506 1613 2570 fere
1630 2503 1811 2585 adumbrat,
1829 2504 1958 2590 qualem

308 2605 468 2690 signifieat
482 2607 659 2696 Procopius
681 2610 756 2676 bell.
771 2611 877 2676 Vand.
907 2618 933 2695 1,
954 2615 972 2675 2
995 2613 1099 2676 relata
1113 2609 1301 2674 Britanniae
1320 2609 1502 2674 defectione
1526 2631 1546 2672 a
1568 2609 1716 2674 Romana
1739 2607 1957 2672 dominatione

307 2707 366 2773 sub
389 2708 551 2776 Honorio:
583 2711 783 2799 Βρεττανίαν
810 2712 922 2799 μέντοι
940 2708 1105 2798 Ῥωμαῖοι
1134 2706 1388 2779 ἀνανεώσασθαι
1418 2705 1527 2778 οὐκέτι
1550 2707 1657 2792 ἔσχον,
1687 2704 1754 2776 ἀλλ’
1781 2699 1865 2776 οὖσα
1888 2702 1956 2775 ὑπὸ

283 2855 284 2860 1
306 2807 474 2898 τυράννοις
496 2807 555 2879 ἀπ’
581 2807 682 2882 αὐτοῦ
705 2813 811 2901 ἔμενε,
835 2839 973 2905 quocum
1000 2825 1087 2883 recte
1109 2824 1320 2903 componetur
1343 2815 1430 2902 quod
1460 2817 1506 2880 ait
1533 2815 1710 2900 Gregorius
1731 2815 1804 2879 hist.
1829 2818 1892 2896 l,4
1917 2812 1958 2878 de

307 2916 495 2984 condicione
511 2920 652 3005 regionis
669 2919 937 2988 Aremoricanae:
961 2944 1080 3004 sanper
1094 2922 1244 2987 Brittam'
1258 2921 1316 2986 snb
1327 2920 1530 2985 Francorum
1546 2924 1733 3000 potestatem
1750 2923 1826 2998 post
1841 2918 1959 2983 obitam

305 3021 387 3102 repis
410 3021 612 3088 mamaeam·
634 3023 670 3110 (t
694 3029 771 3108 511)
793 3025 927 3106 fae-rant
949 3032 978 3091 et
1001 3027 1134 3104 comites,
1157 3045 1221 3090 non
1243 3046 1327 3107 reyes
1348 3023 1501 3106 appellati
1523 3027 1608 3088 sant.
1657 3023 1702 3086 ita
1726 3020 1814 3108 apud
1829 3020 1957 3086 Gildam

305 3125 338 3188 in
361 3125 484 3190 insulae
507 3128 662 3212 partibus,
688 3150 768 3214 quas
792 3131 940 3196 obtinent
961 3129 1136 3211 Brittones,
1158 3131 1319 3216 imperant
1343 3125 1459 3214 ‘reges’
1483 3128 1610 3212 plures,
1635 3147 1780 3212 quorum,
1804 3132 1959 3209 utsupra
2061 3187 2062 3190 ,

306 3227 457 3310 vidimus,
490 3230 631 3315 quinque
666 3234 855 3298 nominatim
886 3235 1022 3310 excitam
1059 3234 1224 3299 Saxonum
1252 3233 1300 3297 sui
1332 3232 1487 3318 temporis
1515 3251 1628 3317 regem
1659 3229 1781 3294 nullum
1804 3228 1958 3309 nominat,

272 3359 273 3362 ¹
307 3333 458 3417 quoniam
489 3353 549 3418 per
580 3354 620 3398 ea
648 3342 797 3422 tempora
825 3337 914 3402 bella
940 3339 1025 3402 iuter
1053 3358 1109 3402 cos
1137 3337 1367 3422 Romanosque
1400 3335 1599 3421 quieverunt.
1645 3337 1753 3418 partes
1784 3351 1844 3396 eae
1873 3330 1960 3416 quod

308 3434 440 3520 regibus
469 3435 661 3520 oboediunt,
694 3461 760 3504 non
791 3440 944 3527 impedit,
979 3443 1148 3529 quominus
1183 3441 1305 3506 auctori
1340 3440 1429 3504 visae
1465 3439 1528 3502 sint
1565 3434 1796 3522 comprehendi
1823 3435 1958 3520 imperio

308 3538 466 3606 Bomano.
513 3542 610 3609 immo
634 3543 667 3608 id
689 3545 794 3631 ipsum
818 3567 860 3610 ex
884 3546 1000 3612 Gildae
1025 3547 1162 3633 epistula
1192 3551 1280 3610 certa
1311 3545 1435 3608 ratione
1465 3541 1622 3606 efficietur
1645 3543 1679 3602 et
1701 3557 1741 3602 ea
1764 3559 1958 3624 quamquam

309 3664 416 3708 rerum
439 3651 604 3728 gestarum
627 3650 816 3714 memoriam
840 3671 904 3716 non
926 3672 1125 3738 magnopere
1150 3656 1265 3736 auget,
1288 3647 1493 3712 nihilominus
1517 3650 1634 3709 statum
1655 3642 1778 3706 insulae
1802 3647 1876 3727 post
1898 3641 1957 3706 dc·

308 3745 439 3811 ductum
461 3748 535 3813 inde
559 3749 743 3816 Romanum
766 3755 944 3818 exercitum
968 3753 1073 3819 vivide
1097 3752 1252 3838 depingit,
1276 3751 1388 3815 unicus
1409 3749 1493 3813 liber
1516 3747 1644 3812 omnino
1670 3746 1723 3831 qui
1747 3746 1816 3809 eius
1838 3746 1959 3810 saeculi

309 3848 530 3915 condicionem
551 3853 676 3918 insulae
698 3856 859 3941 publicam
877 3858 985 3942 aliqua
1008 3857 1080 3921 luce
1103 3857 1250 3921 illustret.
1289 3854 1431 3920 scribere
1454 3872 1489 3917 se
1505 3851 1688 3916 Romanum
1711 3849 1813 3913 civem
1837 3849 1959 3914 civibus

308 3951 463 4018 Romanis
486 3954 599 4020 Gildas
622 3959 767 4023 enuntiat
789 3961 866 4026 locis
890 3959 1025 4040 duobus,
1048 3961 1186 4046 primum
1208 3981 1239 4046 p.
1258 3962 1310 4041 38,
1324 3962 1375 4040 20,
1398 3955 1454 4021 ubi
1476 3954 1650 4022 barbarum
1672 3954 1838 4017 nationem
1862 3953 1907 4017 ait
1928 3953 1960 4017 in

308 4055 507 4123 Britanniam
522 4061 686 4146 appulisse
709 4063 819 4142 trebes,
841 4069 878 4128 nt
896 4063 1007 4147 linqua
1025 4065 1095 4130 eins
1118 4065 1317 4146 exprimitur,
1340 4061 1450 4146 cantra,
1473 4065 1583 4126 nostra
1598 4057 1698 4140 tonora
1712 4056 1864 4134 navibus·
1885 4075 1960 4120 nam

310 4181 504 4248 quamquam
527 4173 719 4230 monuenmt
741 4167 837 4253 periti
858 4168 994 4254 linguae
1014 4167 1204 4234 Oambricae
1223 4168 1257 4231 in
1280 4185 1321 4232 ea
1344 4185 1472 4252 quoque
1494 4169 1626 4251 praeter
1647 4182 1746 4226 caram
1768 4158 1959 4226 vocabulum

310 4264 447 4330 alterum
464 4265 534 4349 lam
549 4266 589 4332 de
606 4290 689 4335 nave
705 4273 861 4357 usurpari,
885 4272 972 4358 quod
982 4273 1148 4338 'adiectum
1166 4276 1217 4335 est
1231 4269 1365 4335 navibus
1380 4290 1453 4334 eam
1468 4273 1593 4332 nostrae
1615 4267 1745 4350 linguae
1767 4265 1959 4350 interpreta-

310 4367 431 4433 tionem
447 4371 589 4436 excludit
612 4378 645 4437 et
666 4372 699 4437 id
715 4375 820 4460 ipsum
836 4376 980 4442 declarat
994 4384 1159 4443 auctorem
1176 4375 1323 4440 hocloco
1339 4373 1402 4437 sibi
1415 4370 1633 4459 proposuisse,
1657 4367 1744 4454 quod
1766 4367 1844 4432 facit
1858 4367 1959 4431 altero

310 4490 341 4555 p.
355 4475 442 4552 44,5
466 4474 658 4540 vocabulum
675 4477 893 4564 Guueglasum
917 4482 1082 4567 explicans
1098 4478 1209 4544 addita
1230 4477 1497 4564 interpretatione
1514 4473 1662 4539 Ronmna
1681 4471 1801 4554 linqua.
1845 4467 1961 4534 eadem

310 4573 435 4638 ratione
449 4597 544 4662 quem
557 4579 716 4646 vindicem
728 4582 914 4649 Britanniae
931 4606 951 4649 a
966 4583 1183 4649 transmarinis
1196 4581 1346 4668 gentibus
1361 4576 1741 4666 praedicatAmbrosium
1751 4572 1962 4638 Aurelianum
2037 4641 2040 4646 .

312 4678 456 4763 appellat
477 4679 641 4748 Romanae
661 4688 763 4768 gentis
784 4689 888 4753 viram
915 4692 1016 4775 p.56,
1037 4692 1088 4770 12,
1112 4688 1290 4774 respiciens
1313 4684 1441 4750 omuino
1466 4683 1622 4769 originem
1647 4681 1717 4746 eius
1738 4680 1809 4765 ipso
1831 4677 1961 4742 nomine

311 4779 500 4865 indicatam,
531 4785 589 4850 sed
611 4809 816 4877 nequaquam
838 4793 883 4878 ita
906 4813 980 4858 eum
1008 4790 1206 4878 distinguens
1230 4812 1250 4855 a
1273 4788 1394 4854 civibus
1418 4808 1498 4874 quos
1526 4787 1571 4850 ait
1598 4783 1761 4849 insulanis.
1796 4782 1963 4847 confirmat

312 4885 398 4973 quod
421 4889 585 4973 posuimus
608 4892 710 4958 libelli
739 4901 832 4962 tenor
859 4902 892 4962 et
920 4896 1045 4962 indoles
1067 4895 1225 4960 universa.
1272 4892 1418 4980 scriptori
1447 4909 1642 4978 quamquam
1664 4886 1832 4952 Britannia
1849 4885 1962 4966 patria

416 5140 442 5206 1)
462 5142 500 5192 Cf.
519 5140 631 5191 Zimmer
652 5139 733 5190 Nenn.
758 5141 828 5192 vind.
847 5158 871 5208 p.
889 5137 948 5192 100.
983 5139 1043 5189 hine
1061 5137 1173 5205 pendam
1195 5137 1363 5198 recentiores,
1381 5139 1412 5184 ut
1429 5132 1575 5183 Willslmus
1597 5128 1834 5181 Malmeaburieosis
1851 5125 1880 5191 (†
1898 5141 1920 5177 c.
1938 5143 1961 5178 a.

313 5226 391 5294 1142)
409 5230 435 5279 io
453 5226 652 5293 antiquitatibus
666 5226 852 5278 Glastoniensis
871 5225 995 5278 ecclesias
1007 5223 1042 5291 (p.
1055 5221 1107 5276 300
1124 5224 1163 5275 ed.
1176 5219 1268 5285 Galc):
1289 5219 1383 5272 Gildar
1396 5235 1476 5284 seqare
1488 5217 1603 5269 iamlam
1620 5232 1700 5282 neque
1718 5215 1846 5282 inserena
1864 5212 1963 5264 bistert-

312 5333 370 5380 ene,
388 5316 430 5368 eni
449 5313 574 5365 Britanni
591 5313 687 5376 dehent,
707 5313 729 5362 α’
746 5312 809 5380 qnid
825 5312 929 5364 notitiae
947 5313 1014 5363 inter
1031 5319 1127 5362 ceteras
1142 5317 1229 5375 pernes
1246 5307 1347 5371 babent,
1366 5306 1473 5356 mmmm
1492 5320 1622 5355 annarias
1639 5302 1674 5354 ibi
1689 5299 1867 5366 (Blastorar'ae)
1884 5298 1965 5365 caepit

312 5402 362 5453 lori
378 5401 512 5453 samtitate
536 5409 638 5467 raptres,
662 5400 743 5465 ibique
760 5417 830 5451 anno
849 5399 947 5450 donam
966 5397 1057 5448 DXII
1071 5397 1103 5448 de
1121 5395 1203 5447 anno
1220 5397 1306 5458 scetus
1324 5394 1465 5444 inretorto
1483 5391 1589 5444 acclama
1607 5398 1666 5441 anta
1684 5389 1769 5439 altare
1786 5395 1823 5438 est
1840 5387 1962 5450 repulsa,

312 5489 472 5542 contundens
494 5503 592 5540 annum
609 5487 733 5540 victoriae
751 5487 898 5538 Badonioae
922 5493 948 5536 st
970 5484 1056 5536 obitus
1074 5482 1174 5534 Gildae.
1212 5481 1313 5532 diverse
1335 5478 1464 5530 Radult'us
1487 5477 1519 5529 da
1541 5477 1639 5528 Doceto
1661 5471 1689 5537 (†
1707 5491 1731 5526 a.
1745 5469 1823 5535 1202)
1840 5473 1869 5523 in
1887 5469 1964 5524 ‘cata-

312 5577 372 5642 logo
390 5575 504 5626 virorum
522 5573 671 5626 illustrium'
691 5573 762 5639 (Ma.
775 5573 818 5624 SS.
832 5570 874 5636 27,
884 5568 959 5636 257);
981 5569 1062 5622 Gilda
1076 5569 1214 5620 Britonnm
1228 5575 1301 5632 qesta
1314 5564 1398 5632 fictili
1410 5579 1525 5616 sermone
1537 5561 1671 5626 derrmprit
1689 5577 1759 5610 carro
1776 5556 1965 5609 incantationis

313 5659 471 5712 DLXXXI.

417 5767 546 5807 aaronica
564 5767 599 5806 ur.
1741 5737 1758 5790 2
