4634 6286
845 281 920 336 CVM
940 281 1215 338 ADDITAMEN'IIS
1235 284 1375 338 NBNNII.
1573 319 1574 322 =
1880 293 1938 351 115

383 464 412 522 5.
435 457 586 542 Prosperi
608 454 786 519 auctarium
811 453 854 518 ad
873 454 1023 519 chronica
1039 455 1304 542 Hieronymiana.
1349 456 1436 542 quod
1459 457 1568 521 scribit
1592 464 1704 522 auctor
1725 480 1757 544 p.
1777 463 1845 540 166,
1859 463 1897 522 ta
1920 480 1941 522 5
1991 443 1994 448 ’

278 569 426 648 tempore
460 560 596 624 Maximi
621 559 748 643 tyranni
781 559 929 623 consules
963 560 1110 644 coepisse
1144 557 1219 624 iude
1257 560 1484 647 explicandum
1515 568 1580 642 est,
1608 561 1695 647 quod
1722 564 1755 626 iu
1784 563 1940 627 chronicis

279 667 321 731 ab
345 687 385 730 eo
409 664 561 729 adhibitis
584 662 839 747 Hieronymiana
862 662 1009 728 consules
1032 661 1295 745 55555555551,
1318 663 1484 728 habebant
1507 664 1732 749 Prosperiana.

384 773 413 833 6.
437 767 572 831 Victorii
602 767 757 852 Aquitani
780 766 970 830 laterculum
998 767 1134 853 scriptor
1163 767 1307 853 sequitur
1334 788 1366 852 p.
1384 770 1447 832 209
1469 768 1502 832 iu
1533 775 1683 854 computo
1715 769 1939 834 stemmatibus

279 876 377 960 regiis
400 872 585 944 subiunct03
614 871 740 956 151555
762 869 894 934 historia
916 893 948 957 p.
970 874 1072 954 aaa
1097 870 1184 957 quod
1212 877 1361 936 numerat
1383 891 1485 936 annos
1508 892 1529 936 5
1549 872 1703 957 passione
1722 872 1847 948 ratione
1863 870 1940 936 Vic-

280 979 415 1060 toriana,
437 980 547 1062 potest
568 975 645 1039 item
671 994 714 1038 ex
736 973 896 1059 Prospero
921 974 1138 1061 adsumpsisse
1154 973 1290 1038 Victorii
1313 975 1505 1061 expilatore.

385 1084 413 1146 7.
437 1078 553 1143 Isidori
575 1076 726 1141 chronica
749 1073 793 1162 (v.
810 1096 842 1160 p.
865 1079 923 1140 168
947 1075 1142 1163 5511-4).

386 1187 415 1249 8.
439 1181 599 1247 Tabulam
621 1179 883 1264 Peutingeranae
907 1179 1043 1243 similem
1065 1179 1174 1267 15115.
1196 1180 1281 1264 157),
1305 1179 1362 1244 ubi
1384 1179 1559 1245 secundum
1577 1178 1758 1245 Scottorum
1782 1179 1938 1266 peritissi-

280 1309 351 1354 mos
381 1287 482 1352 refert
511 1286 551 1350 de
575 1285 689 1350 itinere
717 1282 888 1364 Africano,
917 1303 937 1346 a
966 1285 1121 1369 scriptore
1151 1289 1339 1370 usurpatam
1368 1305 1439 1370 esse
1463 1285 1600 1349 coniecit
1621 1282 1797 1370 Kiepertus
1819 1284 1938 1369 proba·

283 1392 399 1457 biliter.
444 1391 476 1454 iu
492 1389 604 1454 tabula
618 1389 674 1452 illa
688 1387 840 1471 leguntur
860 1407 917 1450 cre
940 1387 1151 1452 Philocomum
1175 1426 1214 1436 —
1238 1388 1340 1454 saline
1355 1389 1502 1453 1555555
1522 1410 1582 1470 qne
1605 1410 1675 1452 cum
1698 1387 1777 1452 1555
1798 1391 1942 1451 55555551

281 1502 311 1560 51
342 1497 524 1559 decrescunt
551 1529 590 1539 -
620 1491 783 1555 Rusicade
813 1489 953 1566 colonia‚·
979 1491 1093 1556 Malba
1121 1494 1242 1557 flumen
1269 1513 1341 1557 cum
1377 1494 1418 1557 sit
1447 1492 1535 1578 apud
1566 1493 1792 1557 5555555155
1819 1512 1851 1576 p.
1872 1494 1940 1572 158,

283 1601 343 1665 1511
365 1601 434 1664 5155
459 1598 557 1662 dubio
580 1598 613 1660 15
636 1594 767 1660 1555155
789 1595 1323 1683 55515155551115551555551555
1346 1595 1468 1660 ibidem
1490 1597 1649 1661 nominari
1669 1600 1787 1661 montes
1801 1596 1942 1660 Asariac

283 1706 360 1770 abbi
381 1725 447 1769 non
470 1701 654 1768 redeuntes.

253 1835 260 1852 ·
388 1812 417 1874 9.
443 1806 566 1872 Gildas.

395 1917 441 1978 10.
465 1911 656 1975 Laterculus
678 1909 823 1992 gentium
846 1906 1111 1972 Germanicarum
1134 1907 1290 1972 formatus
1312 1908 1488 1972 secundum
1511 1907 1788 1971 Muellenhoffium
1810 1907 1941 1972 ineunte

283 2040 368 2083 5555.
384 2017 433 2081 VI
456 2014 544 2100 5551
564 2013 707 2077 Francos
731 2010 785 2096 (51.
802 2011 943 2074 Zimmer
964 2031 997 2096 p.
1014 2011 1091 2094 230)
1121 2011 1162 2075 ab
1192 2012 1254 2076 hoc
1283 2017 1414 2076 auctore
1438 2033 1469 2097 p.
1490 2014 1549 2075 159
1573 2010 1735 2076 515151155
1765 2013 1941 2076 55115555

285 2145 334 2206 ea,
359 2141 422 2208 qua
445 2122 529 2184 inter
551 2117 762 2182 miscellanea
784 2117 976 2200 praesertim
1000 2115 1277 2202 chronographica
1299 2138 1418 2202 magna
1440 2139 1482 2182 ex
1504 2125 1597 2203 parte
1622 2118 1802 2183 1511551555
1824 2120 1942 2203 legitur

283 2229 316 2292 iu
345 2225 456 2290 codice
484 2221 769 2301 Reichenaviensi,
798 2221 862 2284 iam
891 2218 1141 2284 Caroloruhensi
1165 2219 1337 2286 CCXXIX
1364 2223 1482 2308 scripto
1513 2243 1598 2287 saec.
1620 2222 1671 2287 IX
1693 2225 1841 2306 ineunte,
1871 2225 1943 2308 1555

284 2332 420 2396 15515555
445 2349 484 2392 55
507 2328 590 2392 11555
613 2346 677 2389 555
698 2326 835 2388 multum
858 2325 1047 2409 antiquiore.
1091 2324 1166 2388 1515
1190 2344 1273 2410 5555
1296 2327 1433 2412 scriptor
1456 2326 1666 2413 deprompsit,
1690 2329 1735 2391 511
1758 2328 1879 2392 habere
1903 2347 1939 2392 55

284 2457 323 2500 eu
346 2434 498 2498 actoribus
525 2430 614 2495 libris
642 2435 779 2494 55151551
800 2433 979 2492 nostrarum
1002 2426 1138 2514 (5.159,
1160 2429 1212 2514 14)
1235 2431 1287 2493 rel
1318 2451 1357 2493 55
1384 2431 1557 2494 traditione
1582 2436 1719 2494 55155515
1742 2431 1790 2517 (p.
1811 2435 1880 2515 161,
1896 2430 1941 2517 8).

395 2544 442 2602 11.
468 2536 578 2601 Sancti
607 2533 762 2599 Germani
792 2532 936 2618 episcopi
963 2531 1255 2597 Autissiodorensis
1289 2533 1331 2598 ab
1366 2555 1395 2598 a.
1419 2539 1482 2599 418
1515 2534 1557 2598 51
1584 2556 1613 2598 a.
1638 2539 1699 2599 448
1733 2537 1814 2618 vita,
1846 2555 1942 2621 quam

286 2649 397 2708 auctor
418 2663 450 2727 p.
472 2641 596 2723 191,19
620 2638 666 2700 511
688 2657 723 2700 55
747 2636 963 2722 usurpavisse,
986 2656 1051 2698 non
1073 2655 1113 2698 ea
1136 2641 1187 2698 est
1209 2656 1292 2722 quae
1316 2637 1418 2701 fertur
1439 2638 1498 2702 sub
1516 2639 1645 2701 nomine
1663 2636 1842 2701 Constantii
1866 2638 1942 2701 sub·

286 2747 403 2828 ditioia,
426 2743 486 2810 551
508 2743 636 2808 diverse
659 2739 830 2826 deperdita
852 2738 1001 2804 adhibita
1022 2740 1101 2804 item
1124 2760 1143 2802 5
1162 2739 1284 2823 Beda„

395 2853 442 2914 12.
465 2848 600 2912 Librum
621 2845 841 2932 pontificalem
864 2865 941 2909 num
965 2850 1079 2908 auctor
1093 2844 1254 2927 habuerit,
1277 2845 1401 2931 pendet
1423 2867 1443 2910 5
1465 2848 1649 2911 narratione
1674 2848 1714 2911 de
1739 2849 1840 2932 primo
1864 2867 1942 2931 rege

286 2955 473 3020 Britanniae
497 2950 679 3016 Christiano
703 2949 819 3030 Lucio,
849 2971 946 3034 quam
974 2970 1039 3014 non
1066 2950 1240 3034 ambigitur
1268 2952 1418 3015 ficticium
1448 2973 1519 3017 ease
1550 2960 1743 3039 5551555555
1775 2972 1817 3016 ex
1843 2953 1944 3038 partis

284 3060 513 3123 Britannorum
537 3053 715 3119 catholicae
740 3053 846 3117 studio
871 3075 950 3138 erga
972 3055 1139 3140 pontifices
1155 3055 1330 3139 Romanos,
1346 3057 1530 3142 ambigitur,
1553 3063 1661 3120 utrum
1683 3077 1725 3120 ex
1741 3056 1822 3120 urbe
1838 3056 1944 3120 Roma

285 3165 318 3228 in
346 3162 546 3227 Britanniam
574 3153 715 3240 uenerit,
743 3177 827 3242 quae
857 3159 1034 3223 communis
1067 3161 1174 3245 opinio
1203 3167 1268 3243 551,
1300 3181 1341 3224 55
1371 3181 1413 3224 ex
1434 3160 1602 3225 Britannia
1624 3159 1777 3242 Romam,
1801 3159 1834 3222 id
1857 3158 1944 3244 quod

285 3287 388 3352 nuper
403 3265 544 3329 Zimmer
565 3284 598 3348 p.
619 3265 756 3346 140555.
782 3260 943 3340 15155111,
967 3282 1101 3326 mouens
1123 3266 1263 3349 vestigia
1287 3266 1356 3329 cius
1379 3267 1443 3329 alia
1465 3264 1551 3351 apud
1574 3265 1747 3350 scriptores
1769 3262 1943 3328 Britannos

286 3373 329 3437 51
351 3371 515 3435 saeculum
538 3368 710 3454 septimum
736 3374 917 3430 extremum
941 3387 1005 3431 uon
1027 3369 1162 3453 reperiri
1186 3375 1218 3432 51
1242 3389 1283 3432 eo
1308 3369 1437 3432 demum
1455 3376 1601 3454 tempore
1618 3370 1725 3433 fictam
1743 3388 1814 3432 esse
1831 3367 1943 3431 videri.

286 3497 364 3541 sane
387 3495 440 3541 res
464 3473 563 3559 digna
586 3478 652 3553 cst,
676 3491 759 3557 quae
783 3470 1002 3555 expendatur,
1027 3474 1221 3558 comparatis
1246 3472 1347 3537 tribus
1378 3474 1488 3538 lamnis
1519 3474 1762 3559 antiquissimis,
1785 3493 1805 3536 5
1828 3470 1945 3555 551555

286 3580 483 3668 posteriores
506 3575 659 3663 pendent.

391 3683 468 3746 liber
489 3679 793 3761 5555115136
822 3677 946 3742 Ductus
975 3679 1132 3744 Eleuther
1156 3681 1321 3746 55111
1348 3701 1420 3746 amr.
1438 3681 1501 3745 XV
1631 3681 1691 3745 1511
1718 3686 1827 3744 55155
1859 3685 1943 3742 tem·
2070 3709 2073 3716 ·

441 3785 574 3871 poribus
605 3781 760 3847 Antonini
788 3788 821 3847 et
851 3780 1023 3848 Commodi
1046 3785 1246 3864 (5551155551
1275 3785 1417 3850 consules
1439 3807 1468 3848 a.
1491 3789 1553 3848 171
1576 3785 1709 3848 Seuerus
1731 3789 1761 3847 et
1783 3783 1943 3846 Herenni-
2057 3823 2066 3834 -

443 3911 528 3952 5555
556 3909 627 3951 curn
655 3887 712 3967 qni
732 3887 897 3966 praeeedit
927 3887 1090 3970 episcopus
1116 3889 1213 3968 finiat
1235 3891 1272 3953 15
1297 3911 1328 3952 a.
1347 3892 1424 3967 170)
1447 3910 1549 3974 usque
1581 3889 1721 3953 Paterno
1752 3895 1785 3950 51
1814 3886 1945 3950 Β55155

441 4000 487 4076 (p.
507 3992 580 4057 Chr.
600 3993 688 4075 185).
732 3990 784 4054 hic
806 3992 933 4076 accepit
948 3992 1118 4077 epistulam
1135 4014 1154 4056 5
1169 3993 1269 4058 Laeto
1285 3993 1443 4058 Brittania
1460 4013 1549 4080 rege,
1566 4000 1601 4058 51
1617 3993 1817 4057 Christianus
1834 3991 1942 4054 effice-

442 4103 531 4160 retur
552 4115 612 4181 per
634 4095 703 4159 eius
726 4093 923 4160 mandatum.
974 4095 1061 4174 11151,
1091 4099 1149 4178 551
1177 4099 1374 4162 adscendunt
1400 4100 1444 4162 ad
1471 4119 1551 4162 saec.
1576 4098 1645 4162 VII
1668 4103 1854 4172 5515551515,
1881 4116 1946 4159 uon

441 4201 580 4265 5551551.

392 4305 464 4367 bist.
488 4303 675 4368 Brittonum
697 4325 722 4367 5.
739 4306 799 4368 22:
826 4309 900 4390 post
920 4303 1078 4370 CLXVII
1100 4325 1201 4369 annos
1224 4311 1299 4391 post
1321 4305 1495 4370 adventum
1511 4304 1631 4369 Lucius
1645 4304 1862 4370 Brittannicus
1886 4324 1944 4367 rex

447 4428 519 4472 cum
544 4408 691 4472 omnibus
715 4409 836 4494 regulis
859 4409 957 4473 totius
972 4408 1192 4472 Brittannicos
1216 4409 1321 4493 gentis
1345 4409 1541 4494 baptismum
1565 4410 1707 4494 suscepit
1731 4409 1829 4472 missa
1853 4409 1943 4492 lega-

443 4512 531 4575 tione
561 4511 603 4575 ab
631 4512 827 4596 imperatore
856 4511 1076 4577 Romanorum
1106 4518 1139 4576 51
1168 4533 1188 4575 5
1223 4533 1309 4598 5555
1340 4512 1488 4576 Romano
1522 4512 1700 4577 Bucaristo.
1753 4513 1787 4575 in
1820 4511 1945 4574 nemine

442 4635 550 4695 papae
572 4613 727 4692 differunt
750 4615 832 4679 libri.
877 4617 1104 4696 antiquissima
1133 4615 1285 4680 bistmiac
1306 4614 1522 4680 Britannicae
1549 4616 1669 4696 fornia,
1699 4636 1795 4697 quarn
1822 4613 1944 4677 5511151

443 4719 539 4782 codeu
557 4715 766 4796 Carnutibus,
790 4718 873 4782 lianc
895 4721 1112 4784 narrationem
1134 4740 1198 4784 non
1220 4719 1320 4783 babet.
1358 4741 1398 4783 eu
1417 4719 1507 4784 libris
1536 4721 1593 4800 qui
1620 4720 1735 4784 babent
1765 4739 1835 4784 earn
1865 4719 1944 4797 opti-

444 4842 516 4884 mus
537 4841 660 4902 papum
692 4821 831 4902 55551151
857 4822 1074 4906 Bucaristum,
1104 4824 1199 4886 cuius
1224 4824 1364 4888 nerninia
1389 4843 1480 4904 papa
1507 4822 1616 4887 551155
1642 4823 1723 4903 fuit,
1751 4843 1790 4886 en
1814 4820 1946 4902 reliquis

445 4924 585 4990 55115555
617 4923 818 5007 1155515155,
854 4927 911 5008 qui
943 4928 1058 4992 sedisse
1090 4927 1196 5007 fertur
1228 4927 1285 4990 sub
1314 4923 1501 4990 Domitiano
1533 4931 1563 4989 et
1596 4926 1703 4990 Nerea
1736 4932 1765 4990 51
1803 4925 1945 4989 Traiane

341 5117 343 5122 Α
444 5051 476 5096 a.
493 5030 651 5106 96-108,
669 5031 770 5110 pauci
792 5031 976 5094 5155115115
998 5033 1128 5095 correcti
1150 5031 1194 5094 ad
1215 5031 1330 5095 librum
1348 5029 1563 5111 pontificalem
1585 5030 1818 5096 Eleutherium.

393 5133 487 5198 Beda
509 5133 582 5197 1151.
606 5131 675 5199 eccl.
694 5135 722 5212 5,
737 5136 780 5196 24
803 5133 997 5216 (cfi1,15):
1028 5156 1111 5200 5555
1138 5136 1364 5200 incarnationis
1397 5134 1578 5199 dominicae
1601 5134 1758 5200 CLXVII
1785 5133 1946 5198 Eleuther

445 5238 571 5302 Romae
594 5238 724 5324 praesul
746 5238 849 5302 155155
873 5239 1056 5324 quindecim
1078 5261 1179 5304 annos
1203 5227 1944 5324 5551551555515515515515515511,55111115555

445 5362 505 5406 rex
527 5341 706 5406 Brittaniae
728 5341 847 5406 Lucius
871 5344 1010 5424 mittens,
1033 5350 1069 5407 ut
1093 5344 1293 5408 Christianus
1316 5343 1499 5408 efficeretur
1521 5344 1616 5428 petiit
1639 5349 1672 5406 et
1694 5343 1888 5428 impetrarit.

290 5445 518 5510 Narratiouum
553 5445 687 5510 duarum
718 5447 842 5533 primae
874 5453 907 5510 et
936 5447 1114 5529 secundae,
1142 5469 1276 5534 quarum
1307 5454 1379 5512 utra
1408 5449 1544 5511 alteram
1575 5449 1741 5534 pepererit
1772 5445 1944 5531 quaeritur,

291 5549 317 5612 si
340 5550 596 5618 testimoniorum
621 5556 763 5615 aetatem
786 5551 989 5635 respicimus,
1012 5552 1168 5618 urbanam
1192 5552 1428 5638 praelerernus;
1451 5571 1525 5614 narn
1549 5552 1767 5616 Britannicum
1793 5551 1944 5614 volumen

1693 5673 1740 5725 ln*
