4552 6308
379 379 442 441 432
902 372 949 428 lv.
968 369 1207 427 hhuuacvhvs
1226 370 1498 426 IMPERATORVM

240 548 497 613 suassadiotum
519 548 688 612 vetustatis
716 547 854 612 absolvit
882 553 915 610 et
938 567 957 610 a
980 546 1142 610 servitutis
1172 545 1284 630 iugum
1311 565 1369 608 nos
1396 543 1557 609 liberavit.
1602 542 1690 629 quod
1712 550 1821 610 autem
1843 545 2034 612 adcrevisse

377 652 536 738 sapientia
559 671 685 737 quoque
710 670 820 714 coram
845 648 907 714 deo
932 656 965 713 ιι
987 649 1144 730 homines,
1169 669 1313 713 summae
1337 646 1443 732 adque
1466 647 1633 734 perlectae
1655 648 1688 711 in
1710 647 1872 714 hominem
1896 651 2034 736 plenum

377 758 477 843 gessit
499 757 531 820 in
554 776 646 838 aevo,
669 756 715 820 ita
738 762 774 819 ut
796 756 950 840 incipiens
974 775 1129 819 annorum
1147 753 1245 818 XXX
1268 753 1461 838 baptismum
1482 753 1679 817 voluntarius
1696 773 1716 815 a
1731 751 1875 817 Iohanne
1899 760 2035 840 peteret

211 871 291 926 Erta-
301 876 323 924 ⁴,
334 863 409 926 ¹³·in
425 861 596 942 Iordanne,
612 866 745 946 propter
760 858 840 924 illud
856 858 943 945 quod
959 859 1003 922 ait
1019 858 1200 944 apostulus:
1225 856 1339 922 ‘donec
1355 853 1487 938 omnes',
1511 855 1631 943 inquid,
1641 858 1862 942 n‘occurramus
1876 859 1910 922 in
1927 859 2034 921 virum

376 966 571 1051 perfectum,
595 965 627 1028 in
649 985 832 1028 mensuram
855 964 971 1027 aetatis
993 961 1201 1048 plenitudinis
1224 958 1362 1026 Christi’.
2079 983 2092 1019 s

485 1073 532 1134 17.
561 1068 646 1132 Nam
675 1075 708 1133 et
737 1069 876 1154 primum
908 1067 1072 1131 hominem
1096 1067 1176 1131 deus
1203 1072 1346 1130 aetatem
1361 1061 1571 1151 perlectum,
1605 1085 1666 1129 nec
1688 1085 1752 1130 non
1776 1071 1809 1130 ct
1830 1066 2035 1130 intellectum

377 1173 484 1260 adque
513 1173 671 1237 rationem
702 1171 900 1259 praeditum,
933 1178 968 1235 ιιι
999 1191 1078 1236 suae
1106 1171 1229 1235 scilicet
1250 1170 1425 1235 voluntatis
1457 1175 1564 1234 rector
1590 1174 1677 1234 esset
1699 1169 1835 1252 arbitrii,
1871 1169 1912 1234 de
1944 1176 2036 1235 terra

378 1277 489 1341 fincxit
510 1278 704 1342 incolomem
727 1278 892 1360 iuvenem,
917 1285 950 1341 et
973 1278 1041 1342 cius
1064 1277 1234 1362 coniugem
1258 1277 1389 1362 plenam
1412 1274 1531 1338 nubilis
1554 1274 1660 1356 annis,
1684 1281 1816 1359 pectore
1838 1275 1948 1360 virgo,
1974 1273 2034 1340 do-

379 1402 455 1446 cora
481 1383 625 1446 inomni
651 1381 797 1446 membro
826 1382 955 1466 iamque
985 1388 1158 1462 maturam,
1190 1381 1236 1445 ita
1264 1378 1433 1466 pulchrum
1457 1379 1556 1444 oculis
1579 1379 1696 1460 visum,
1728 1378 1840 1443 eduxit
1863 1378 2034 1444 exlatere

382 1484 577 1551 dormientis.
624 1485 698 1571 quia
720 1507 785 1549 non
806 1486 1011 1570 parvolorum
1035 1485 1175 1549 motibus
1198 1490 1254 1548 aut
1276 1483 1448 1548 teneritate
1471 1483 1627 1547 mentium
1649 1503 1821 1569 puerorum
1842 1484 1875 1548 in
1895 1504 2034 1570 corpore
2066 1505 2092 1543 io

379 1610 479 1676 parvo
503 1589 702 1675 quatentium
725 1589 833 1675 adque
857 1589 976 1675 pedum
998 1609 1150 1653 manuum
1172 1589 1396 1673 linguarumvo
1418 1586 1627 1674 praepeditas
1643 1609 1827 1652 sermonum
1843 1594 1877 1651 ιι
1892 1593 2035 1669 actuum,

380 1692 439 1756 scd
461 1699 569 1759 aetate
594 1696 718 1759 ratione
742 1693 905 1759 soliditate
935 1694 1152 1758 membrorum
1177 1692 1284 1778 adque
1307 1693 1486 1778 sapientiae
1510 1693 1638 1779 plenos,
1669 1693 1772 1780 primo
1797 1692 1876 1757 deus
1900 1712 1941 1756 ex
1965 1692 2036 1756 luto

380 1801 486 1861 terrae
511 1799 626 1864 fecisse
649 1797 845 1863 credendum
869 1805 977 1862 estut
1000 1819 1042 1862 ex
1069 1799 1199 1862 illorum
1228 1797 1398 1861 materiam
1428 1795 1589 1861 subolem:
1624 1805 1787 1883 tamquam
1818 1817 1861 1860 ex
1882 1795 2037 1860 arborum

381 1901 463 1964 rami
483 1903 537 1966 vel
560 1902 681 1966 fructus
703 1903 841 1988 primum
865 1901 996 1988 quidem
1019 1909 1143 1982 tenues,
1167 1906 1283 1985 postea
1304 1901 1369 1964 iam
1392 1900 1549 1986 paulatim
1572 1901 1689 1965 maturi
1705 1902 1758 1965 vel
1781 1900 1862 1964 firmi
1882 1898 2036 1964 videntur

382 2005 547 2090 proficere.
591 2007 637 2070 ita
658 2027 798 2093 namque
816 2008 918 2070 omnis
941 2013 1057 2071 natura
1072 2007 1163 2070 firma
1180 2011 1213 2070 et
1229 2004 1333 2070 solida
1349 2004 1504 2091 quidquid
1518 2005 1687 2090 protulerit
1703 2005 1844 2070 ostendit
1859 2011 2034 2092 reparante
2066 2034 2091 2073 ιι

381 2115 512 2175 auctore
537 2110 599 2176 deo
622 2110 699 2175 dum
723 2118 868 2197 generat.
913 2118 946 2176 et
969 2111 1014 2175 sic
1038 2111 1157 2197 quippe
1182 2107 1380 2174 eredendum
1396 2115 1455 2190 est,
1479 2109 1554 2195 quia
1574 2109 1671 2172 homo
1687 2109 1719 2172 in
1740 2108 1914 2195 primordio
1930 2109 2037 2174 lachis

382 2236 402 2278 a
434 2214 578 2297 domino,
611 2223 720 2280 aetate
750 2217 914 2302 legitimus
946 2221 979 2281 ιι
1006 2221 1115 2279 mente
1147 2215 1262 2300 plenus
1292 2218 1325 2276 et
1356 2233 1510 2298 capacem
1538 2213 1684 2294 rationis,
1716 2212 1749 2277 in
1777 2234 1840 2300 qua
1868 2213 2037 2278 victoriam

382 2326 523 2406 caperet,
548 2321 574 2384 si
596 2321 709 2385 mortis
734 2326 918 2406 superasset
940 2325 1116 2383 auctorem.
1159 2324 1192 2382 et
1213 2316 1288 2382 ideo
1303 2337 1443 2403 namque
1467 2337 1552 2403 pena
1574 2319 1686 2382 mortis
1707 2318 1849 2400 incurrit,
1873 2319 1949 2404 quia
1971 2339 2039 2383 non

382 2423 441 2487 sub
464 2424 589 2509 parvoli
612 2429 702 2487 motu
725 2430 759 2487 et
773 2423 926 2488 infirmior
945 2423 1064 2502 sensui,
1086 2420 1146 2485 sed
1167 2421 1282 2507 plenus
1299 2421 1422 2485 ratione
1439 2420 1536 2485 homo
1552 2421 1585 2484 in
1604 2420 1766 2508 paradyso
1783 2420 1936 2508 deliquid,
1961 2423 2038 2509 quia

382 2527 495 2591 scienti
518 2526 639 2592 bonnm
662 2526 770 2592 lacere
795 2533 828 2591 et
849 2548 914 2591 non
936 2527 1068 2592 facienti
1089 2531 1260 2611 peccatum
1277 2531 1326 2589 est
1341 2525 1397 2589 illi.
1435 2531 1608 2589 renovatur
1623 2530 1732 2589 autern
1748 2546 1808 2611 per
1823 2528 1927 2611 gratia
1943 2547 2037 2590 crea·
2067 2555 2094 2594 ao

383 2632 470 2713 toris,
495 2631 550 2716 qui
571 2651 637 2695 non
659 2631 762 2696 solum
785 2632 933 2718 parvolos
957 2631 1131 2712 coronavit,
1156 2629 1232 2694 dum
1248 2635 1417 2709 natusest,
1440 2649 1552 2692 verum
1569 2629 1687 2694 aetiam
1702 2629 1866 2695 diabulum
1881 2630 2041 2718 pescavit,

384 2755 456 2798 cum
488 2755 602 2820 passus
635 2741 699 2818 est,
735 2735 884 2800 donando
915 2735 1008 2800 nobis
1031 2733 1118 2822 quod
1147 2735 1217 2821 ipso
1246 2734 1347 2820 gessit
1369 2733 1402 2797 in
1424 2753 1534 2798 carne:
1568 2739 1604 2797 ιιι
1626 2735 1869 2799 resurrectionis
1892 2734 2043 2799 similiter

386 2839 504 2903 Christi
532 2840 635 2903 omnis
664 2840 771 2905 anima
793 2840 893 2905 XXX
916 2847 1027 2925 surgat
1049 2860 1206 2904 annonam
1234 2844 1342 2903 aetate
1365 2838 1398 2902 in
1420 2837 1482 2901 hac
1504 2839 1590 2924 ipsa,
1619 2858 1716 2924 quam
1749 2839 1850 2924 gessit
1870 2839 1983 2902 vivens
2006 2838 2042 2902 in

226 2959 537 3028 acor.s‚1o.corpore,
569 2964 698 3009 carnem
724 2951 760 3009 ut
789 2945 925 3032 recipiat
954 2945 1172 3031 unusquisque
1201 2944 1293 3008 iuxta
1316 2941 1402 3029 quod
1425 2943 1494 3027 egit
1522 2943 1711 3029 incorpore
1735 2944 1801 3007 sive
1825 2942 1945 3007 bonnm
1969 2944 2041 3008 sive
2108 2949 2111 2952 '

386 3047 516 3112 malum.
2070 3073 2096 3114 as

494 3155 541 3216 18.
572 3150 668 3226 Quod
696 3157 806 3216 autem
838 3151 1035 3238 baptismum
1067 3150 1286 3216 alohannem
1310 3150 1455 3215 Christus
1485 3151 1626 3215 libenter
1649 3150 1818 3236 acciperit,
1849 3156 1884 3214 ut
1911 3156 1946 3215 tu
1975 3173 2042 3215 non

387 3254 572 3340 dedigneris
595 3277 615 3320 a
638 3277 793 3320 conservo
817 3258 991 3342 suscipere,
1015 3255 1102 3342 quod
1122 3256 1177 3320 ille
1193 3277 1257 3320 non
1274 3253 1409 3337 devitor,
1432 3253 1491 3318 sed
1507 3253 1654 3318 dominus
1670 3255 1739 3319 sine
1759 3263 1894 3340 peccato
1911 3275 2042 3318 sumere

386 3361 488 3424 voluit
510 3381 529 3423 a
553 3381 662 3436 servo;
693 3367 729 3425 ut
751 3361 835 3424 inter
856 3362 927 3448 ipsa
948 3362 1071 3425 fluenta
1093 3360 1240 3425 Iordanis
1263 3381 1361 3446 snper
1382 3380 1480 3423 unum
1504 3358 1717 3424 mediatorem
1742 3358 1795 3423 dei
1818 3365 1852 3424 ιι
1874 3359 2043 3424 hominum

388 3470 519 3528 sanetae
543 3465 692 3528 trinitatis
716 3465 935 3530 declararetur
957 3465 1145 3548 auctoritas,
1178 3464 1254 3530 dum
1286 3463 1366 3529 deus
1394 3469 1489 3550 pater
1518 3463 1551 3527 in
1574 3483 1669 3545 voce,
1699 3463 1783 3527 filius
1806 3464 1838 3528 in
1865 3463 2043 3544 hominem,

388 3567 516 3652 spiritus
548 3574 675 3632 sanctus
706 3570 739 3633 in
770 3570 918 3634 columbe
950 3570 1080 3656 speciae
1112 3568 1351 3634 demonstratur
1374 3567 1523 3632 divinitas
1552 3572 1585 3630 et
1611 3587 1707 3630 unam
1731 3573 1880 3631 constans
1902 3565 2042 3630 indivisa
2071 3592 2099 3632 so

236 3679 314 3723 both·
326 3683 348 3726 ⁴2
359 3683 378 3722 1·
389 3670 492 3736 deitas
522 3670 628 3755 adque
657 3677 830 3756 magestas.
876 3671 963 3757 quod
993 3678 1104 3737 autem
1127 3671 1168 3736 ab
1192 3673 1305 3757 spiritu
1328 3673 1482 3756 expulsus
1504 3672 1537 3735 in
1560 3670 1704 3754 deserto,
1736 3669 1770 3735 id
1793 3677 1843 3735 est
1865 3671 2045 3736 calefactus

388 3773 496 3850 homo,
521 3794 617 3859 quem
640 3781 823 3861 sumpserat
852 3782 986 3862 propter
1008 3783 1153 3841 veterem
1176 3774 1299 3859 Adam,
1333 3795 1429 3862 quem
1451 3776 1534 3838 iutra
1557 3773 1691 3839 delicias
1719 3774 1870 3861 paradysi
1894 3773 2043 3839 diabulus

390 3879 526 3958 vicerat,
558 3877 610 3941 hic
638 3879 669 3942 in
697 3878 826 3943 deserto
857 3899 929 3942 oum
957 3880 1085 3944 inimico
1115 3879 1300 3965 eomfligere
1331 3880 1465 3966 cupiens
1497 3885 1530 3942 et
1559 3899 1618 3964 per
1648 3879 1758 3943 ieiunii
1785 3899 1899 3942 munus
1922 3877 1963 3942 de
1987 3879 2044 3943 illo

390 3981 556 4044 victoriam
581 3982 726 4068 capiens,
759 3983 907 4047 omnibus
930 3984 995 4048 suis
1017 3983 1168 4049 fidelibus
1192 3982 1337 4048 traderet
1359 3982 1622 4048 conculcandum.
1667 3984 1700 4047 in
1724 4003 1787 4070 qua
1810 3984 1943 4048 victoria
1966 3989 2043 4046 ante

252 4106 317 4150 naen.
329 4111 349 4158 a,
361 4111 379 4149 1.
391 4085 551 4170 propheta
574 4085 746 4151 Zacharias
770 4087 885 4151 cecinit
908 4086 1030 4152 dicens:
1055 4085 1152 4170 ‘vidi’,
1181 4087 1308 4174 inquid,
1333 4087 1451 4152 ‘Iesum
1476 4086 1679 4152 sacerdotem
1702 4107 1855 4173 magnum
1879 4093 1912 4151 et
1934 4085 2045 4150 stabat
2074 4111 2099 4150 ιι

392 4187 434 4252 ad
457 4188 579 4252 dextris
603 4190 671 4253 eius
695 4187 852 4272 diabulus,
876 4190 910 4256 id
933 4197 983 4256 est
1005 4212 1048 4257 ex
1070 4198 1163 4278 parte
1186 4193 1338 4273 iustitiae,
1363 4192 1557 4256 concionans
1580 4190 1681 4255 dolos.
1728 4198 1761 4255 et
1784 4190 1865 4255 dixit
1888 4189 1930 4253 ad
1952 4211 2044 4255 enm:

391 4294 537 4378 increpet
564 4292 623 4357 tibi
654 4292 815 4377 dominus,
844 4295 988 4378 diabule,
1017 4298 1071 4382 qui
1099 4296 1228 4361 redimit
1249 4296 1374 4361 Israhel
1398 4303 1431 4360 ιι
1453 4295 1554 4381 elegit
1575 4293 1803 4361 Hierusalem’.
1848 4293 1941 4359 nobis
1965 4313 2044 4380 ergo

232 4416 381 4467 natasse.
392 4396 468 4461 vicit
497 4397 550 4482 qui
579 4397 665 4460 solus
694 4398 860 4462 victoriam
890 4398 930 4464 de
961 4399 1092 4465 diabulo
1124 4420 1242 4487 capere
1272 4402 1385 4487 potuit.
1431 4399 1518 4485 quod
1546 4405 1654 4464 antem
1678 4399 1850 4486 discipolos
1874 4419 1916 4461 ex
1939 4399 2045 4483 pisca-

393 4501 515 4566 toribus
544 4500 636 4582 facit,
666 4508 702 4564 ιιι
731 4523 796 4566 non
819 4523 859 4568 cn
889 4503 1047 4589 sanguine
1070 4503 1247 4569 nobilitatis
1274 4502 1513 4590 plaudentium,
1544 4501 1603 4567 scd
1631 4523 1673 4566 ιιι
1702 4523 1882 4589 pauperum
1908 4522 2045 4587 gregem

215 4624 298 4682 apocal.
310 4628 382 4677 aaa
391 4604 555 4669 humiliter
589 4605 795 4670 sentientium
821 4607 941 4692 primos
974 4607 1157 4672 institueret
1191 4606 1374 4673 ‘duodicem
1402 4608 1558 4672 ecclesiae
1587 4605 1777 4690 columnae’,
1813 4613 1976 4692 tamquam
2002 4626 2045 4670 ex
2073 4631 2100 4671 ιο

392 4708 490 4774 Iacob
518 4707 587 4773 XII
619 4711 880 4795 congregationis
915 4711 1000 4776 illius
1034 4711 1251 4798 patriarchae;
1285 4733 1360 4776 nam
1395 4730 1587 4797 unaquaque
1620 4711 1721 4775 tribus
1749 4710 1875 4775 Israhel
1902 4711 2045 4796 singulos

393 4812 558 4899 apostolos
581 4813 614 4876 in
636 4833 755 4878 novum
778 4820 1010 4881 testamentum
1035 4819 1126 4902 quasi
1142 4816 1313 4882 duodicem
1336 4816 1461 4903 lapides
1477 4817 1567 4879 vivos
1583 4836 1625 4879 ex
1641 4814 1795 4880 Iordanes
1817 4816 1910 4879 alveo
1926 4813 2044 4878 redde-

394 4915 524 4991 derunt;
554 4923 588 4980 et
615 4917 660 4980 sio
690 4923 794 4983 totum
821 4919 976 4984 mundum
1008 4926 1161 5007 tanquam
1184 4940 1313 4984 menses
1336 4920 1434 4983 totius
1458 4920 1563 5002 annis,
1595 4919 1644 4983 sol
1665 4919 1699 4983 in
1722 4939 1757 4983 se
1780 4919 1920 4982 iustitiae
1944 4919 2046 4982 conti-

393 5025 508 5084 nentes
531 5020 822 5106 perlustraverunt;
847 5030 880 5087 et
902 5025 1025 5088 animas
1047 5025 1152 5090 fluctis
1175 5025 1263 5089 exuli
1285 5045 1396 5109 vagas,
1419 5022 1527 5088 lucida
1549 5022 1602 5086 dei
1624 5029 1802 5109 praecepta
1823 5029 1987 5107 tamquam
2012 5021 2044 5085 in

233 5143 310 5186 sista.
322 5152 343 5196 ι,
354 5148 385 5188 a.
394 5125 460 5188 lina
483 5126 633 5191 manibus
656 5126 794 5191 ecclesia
815 5127 923 5193 medio
947 5130 1180 5195 concluserimt.
1225 5130 1270 5193 sic
1294 5128 1459 5194 enimait:
1484 5129 1602 5191 ‘venite
1625 5134 1698 5214 post
1720 5147 1773 5190 me
1797 5131 1830 5191 et
1852 5125 1967 5190 faciam
1988 5145 2047 5190 vos
2075 5151 2101 5189 c

395 5231 573 5315 piscatores
596 5231 666 5294 fieri
689 5229 876 5296 hominum'.

503 5337 549 5398 19.
581 5332 677 5407 Quod
704 5341 813 5399 autem
844 5334 1047 5401 infirmitates
1076 5336 1182 5423 adque
1206 5335 1425 5422 egrotationes
1451 5339 1591 5416 nostras,
1621 5335 1704 5398 sicut
1725 5354 1808 5414 reor,
1839 5332 2049 5419 praedixerat

232 5451 309 5506 pina.
322 5456 354 5502 ιι,
365 5455 384 5494 ι.
395 5436 518 5518 Esaias,
542 5439 682 5502 libenter
703 5441 892 5524 portaverit,
919 5447 952 5504 et
975 5441 1019 5505 sio
1042 5461 1101 5526 per
1124 5442 1232 5505 omnia
1255 5461 1387 5504 currens
1409 5436 1693 5523 ‘quemadmodum
1716 5438 1831 5522 gigans
1854 5457 1913 5521 per
1935 5434 2041 5516 viam',

496 5680 527 5732 21
548 5700 601 5732 ιιιιι
620 5699 668 5732 ιιι.
688 5682 711 5732 (J
761 5679 888 5750 peccauit]
908 5684 1066 5750 compescuit
1084 5681 1173 5736 aaa»
1251 5683 1286 5736 38
1304 5684 1372 5736 uiuit
1388 5681 1428 5747 (or
1445 5681 1558 5750 uidebar)
1571 5684 1610 5735 0³
1696 5679 1731 5731 43
1749 5677 1796 5746 sie]
1815 5680 1836 5730 si
1857 5677 1894 5727 0¹
