4554 6316
358 341 421 404 3⁴10
825 336 1093 393 AllDl'l'Ahlllll'l'A
1112 337 1161 394 AD
1179 335 1367 394 ennomus
1386 337 1541 393 BEDANA.

358 509 518 596 Lugduno
544 509 626 578 dolis
649 513 901 579 circumventum
925 549 965 558 -
988 511 1082 577 Beda
1103 532 1129 576 c.
1146 513 1220 577 457.

360 636 488 680 suorum
511 615 616 702 magis
638 615 820 702 proditione
845 635 940 701 quem
964 616 994 679 vi
1017 616 1157 680 hostium
1179 621 1326 702 pereunt.

361 718 561 805 fratremque
585 720 654 784 eius
758 718 901 784 desemit
924 754 963 766 -
986 717 1079 784 Beda
1100 740 1126 783 c.
1141 720 1215 784 458.

521 909 778 974 Theodosius
801 909 837 972 Ι.

360 1025 563 1092 Theodosius
588 1076 648 1093 ...
671 1032 865 1112 oppremunt
888 1062 928 1073 -
951 1025 1045 1089 Beda
1067 1046 1093 1092 c.
1109 1026 1291 1089 469-461.

360 1130 533 1196 Paridem
556 1137 685 1217 tempus
709 1151 782 1195 eum
805 1128 893 1216 apud
915 1128 1179 1194 Thessalonicam
1203 1178 1210 1194 .
1233 1179 1265 1196 ..
1287 1150 1352 1194 non
1374 1131 1496 1216 periret
1519 1169 1561 1178 —
1585 1130 1868 1212 Rroftnus11,18.

361 1232 505 1298 Damaso
529 1234 617 1321 apud
638 1233 779 1298 Romam
801 1232 918 1298 XVIII
941 1234 1032 1298 annis
1055 1234 1241 1320 episcopato
1265 1235 1392 1298 functus
1415 1234 1545 1321 Syricus
1568 1234 1741 1300 sacerdotii
1764 1253 1933 1300 successor
1956 1251 2015 1296 ex-

447 1339 514 1402 istit
536 1376 579 1386 -
601 1338 642 1419 cf.
666 1338 810 1419 Rufinus
832 1341 883 1415 11,
898 1339 951 1401 21.

362 1439 609 1506 Valentinianus
632 1442 756 1527 itaque;
781 1461 877 1526 quem
893 1440 1096 1505 Theodosius
1119 1442 1151 1504 in
1169 1441 1297 1506 Italiam
1312 1442 1507 1525 restituerat,
1523 1445 1556 1508 in
1571 1442 1695 1508 Gallias
1710 1439 1849 1529 adeptus
1865 1441 2017 1526 imperio,

451 1565 548 1631 quem
571 1545 672 1610 freter
694 1566 769 1610 suus
793 1544 965 1611 Gratianus
989 1551 1148 1628 tenuerat,
1173 1545 1248 1610 dum
1270 1565 1340 1610 rem
1363 1546 1525 1632 publicam
1548 1547 1631 1610 iuste
1655 1552 1784 1631 ageret,
1808 1544 1883 1610 dolo
1908 1544 2015 1609 Arbo-

448 1650 548 1734 gastis
572 1698 579 1714 .
597 1698 604 1713 .
623 1698 630 1713 .
653 1670 712 1713 sua
734 1669 769 1714 se
792 1669 890 1714 manu
907 1649 1044 1734 perculit
1058 1650 1224 1715 vintoniam
1241 1648 1348 1714 divina
1363 1651 1487 1716 lelitete
1503 1652 1579 1734 (sic)
1595 1649 1777 1716 conlectam
1793 1648 1834 1714 de
1858 1650 1925 1714 solo
1949 1647 2012 1712 deo

449 1752 613 1818 humiliter
636 1759 789 1839 sperante
815 1791 853 1800 -
880 1752 967 1818 Oros.
992 1755 1020 1830 6,
1036 1755 1087 1816 35.

364 1855 526 1919 Iohannes
549 1857 745 1921 anachoreta
768 1856 881 1921 claruit
904 1893 945 1906 -
970 1856 1117 1920 Isidorus
1137 1859 1211 1919 363.

363 1959 570 2024 Hieronimus
586 1981 677 2025 sacre
694 1962 853 2047 interpres
869 1961 1001 2024 historic
1017 1960 1212 2025 Bethlehem
1229 1966 1297 2024 toto
1314 1959 1432 2024 mundo
1457 1962 1561 2025 clarus
1583 1961 1723 2026 habetur
1746 1961 1799 2046 qui
1822 1960 1939 2025 librum
1957 2009 1964 2024 .
1985 2013 1990 2024 .
2011 2009 2019 2025 .

451 2063 598 2150 perducit
624 2102 658 2112 -
686 2063 780 2129 Reda
801 2085 827 2128 c.
842 2066 924 2143 462,·
945 2064 1093 2128 Isidorus
1114 2065 1187 2131 358.

518 2253 743 2320 Arcadius.

364 2371 525 2438 Moadius
628 2372 807 2459 produntur
830 2409 869 2420 -
892 2373 986 2438 Beda
1008 2394 1033 2436 c.
1049 2375 1123 2438 463.
1146 2375 1219 2439 464.

365 2475 403 2540 In
431 2475 511 2540 urbe
540 2474 667 2540 Romae
695 2483 770 2562 post
802 2467 949 2563 Syricum
976 2476 1211 2543 sacerdotalem
1234 2476 1346 2542 sedem
1370 2479 1511 2564 suscepit
1533 2479 1740 2560 Anastasius,
1776 2498 1839 2564 quo
1865 2477 2019 2542 defuncto

452 2578 595 2643 succedit
615 2578 832 2645 Innocentius.

367 2681 430 2756 Qui
454 2680 616 2747 dedicauit
639 2730 697 2748 ...
719 2683 915 2769 inpugnatur
940 2719 974 2730 -
1000 2682 1094 2748 Bada
1116 2705 1144 2749 o.
1159 2686 1232 2748 466.
1257 2687 1332 2748 467.
