4552 6308
888 360 923 415 A.
938 358 1231 416 coxxu-Doxxx.
1825 365 1887 428 389

228 531 262 595 in
292 532 437 617 margine
470 530 636 597 emendari
670 536 759 596 recte
789 531 895 612 iussit,
931 536 1041 595 temen
1071 533 1104 596 in
1133 533 1313 598 novissimis
1343 533 1472 599 demum
1503 535 1721 600 consulatibus
1753 533 1885 619 (indes

229 636 251 700 f.
267 639 320 701 63¹
336 635 392 723 25)
415 635 525 700 effecit
546 641 582 700 ut
604 636 674 700 sani
697 655 852 700 annorum
876 637 1000 700 numeri
1023 638 1184 722 legantur.

334 737 400 804 Sed
423 740 457 804 hi
480 760 606 804 errores
629 761 701 805 oum
725 759 840 803 omnes
867 746 1002 826 pateant
1029 761 1068 805 ao
1091 742 1186 806 facile
1211 743 1327 828 corrigi
1349 744 1489 828 possint,
1519 744 1665 829 plerique
1688 741 1810 807 librarii
1833 763 1886 806 so-

230 844 340 909 cordia
368 845 436 910 neti
464 845 541 927 sint,
571 845 649 909 nihil
672 845 812 909 afferunt
835 864 898 928 quo
922 845 1044 908 utilitas
1067 845 1222 911 fastorum
1245 846 1458 911 deminuatur.
1502 848 1624 911 utilitas
1647 853 1757 911 autem
1780 867 1800 910 a
1822 845 1886 910 lide

230 946 361 1035 pendet.
405 946 487 1014 fides
521 948 601 1013 mihi
631 947 761 1035 quidem
795 949 939 1012 maxima
966 948 1096 1014 videtur
1123 971 1204 1015 esse.
1255 971 1338 1037 quae
1369 973 1433 1016 uon
1461 951 1565 1015 solum
1596 955 1730 1037 propter
1751 951 1886 1032 fontem,

230 1051 375 1118 codicem
404 1054 529 1139 legum,
561 1054 745 1140 exspectari
774 1058 897 1139 potest,
926 1052 985 1118 sed
1008 1054 1106 1118 etiam
1135 1055 1234 1141 signis
1248 1077 1321 1120 ,uon
1347 1056 1458 1141 paucis
1481 1054 1728 1120 demonstratur.
1774 1053 1886 1118 adfero

230 1154 400 1241 quaedam.
446 1157 470 1222 f.
486 1161 573 1223 59'3
598 1178 678 1223 coss.
706 1157 782 1221 anni
803 1159 866 1222 399
894 1179 926 1244 p.
944 1156 1018 1223 Chr.
1047 1159 1230 1223 referuntur
1259 1152 1454 1245 Εύτρωπίου
1478 1155 1533 1223 καί
1560 1153 1748 1244 Θεοδώροοι
1776 1158 1886 1239 ceteri,

230 1261 329 1325 etiarn
364 1259 481 1327 Chron.
509 1262 662 1350 paschale
691 1283 721 1348 p.
745 1265 852 1345 567,4
888 1283 987 1326 unum
1023 1263 1187 1327 consulem
1222 1263 1290 1327 eius
1320 1264 1394 1328 anni
1423 1263 1472 1328 Fi.
1502 1261 1647 1327 Mallium
1678 1261 1886 1327 Theodorum

229 1372 425 1448 memorant,
456 1365 515 1431 ssd
542 1365 693 1432 Socrates
723 1366 796 1432 hist.
821 1366 998 1431 eccl.V15
1022 1366 1134 1431 tradit:
1165 1363 1354 1456 Εύτροπίου
1376 1365 1436 1451 μὲν
1458 1355 1515 1432 οὖν
1539 1361 1615 1433 τότε
1638 1361 1697 1455 τὴν
1718 1358 1856 1431 ύπύτων
1865 1367 1887 1448 1)

229 1460 327 1549 ἀξίαν
355 1466 551 1556 χειρίζοντος
572 1466 629 1536 διό
651 1495 725 1536 τινα
747 1466 946 1554 πταίσματα
969 1463 987 1537 ὁ
1009 1465 1163 1556 βασιλεὺς
1191 1466 1251 1560 τὴν
1273 1467 1419 1560 κεφαλὴν
1445 1465 1685 1561 ἀποτμηθῆναι
1707 1468 1885 1536 ἐκέλευσεν·

229 1569 266 1638 ἐκ
288 1571 324 1639 δὲ
345 1574 406 1640 τοῦ
427 1568 611 1658 καταλόγου
640 1575 705 1639 τῶν
726 1567 864 1640 ὑπάτων
896 1573 1077 1663 περιῃρέθη
1099 1571 1137 1642 τὸ
1161 1568 1265 1660 όνομα
1293 1575 1350 1642 καί
1372 1571 1475 1660 μόνου
1497 1577 1557 1642 τοῦ
1579 1570 1884 1653 συνυπατεύσαντος

234 1671 405 1763 Θεοδώρου
427 1675 655 1765 ἐγγέγραπται.
700 1679 798 1764 igitur
820 1679 885 1744 iam
908 1681 1008 1745 multo
1032 1686 1107 1744 ante
1131 1701 1158 1744 a.
1175 1683 1237 1746 438
1262 1703 1325 1766 quo
1350 1680 1454 1747 codex
1475 1680 1721 1746 Theodosianus
1742 1679 1885 1772 promul-

229 1787 324 1865 gatus
347 1788 405 1864 est,
431 1783 461 1846 ei
485 1784 600 1869 quibus
625 1783 810 1870 Stephanus
832 1805 908 1848 usus
932 1791 982 1849 est
1004 1785 1079 1849 fasti
1100 1786 1272 1871 quotannis
1295 1788 1340 1851 sic
1364 1786 1643 1868 continuabantur,
1666 1791 1701 1850 ut
1716 1785 1792 1849 novi
1807 1805 1884 1848 oon-

229 1885 315 1948 sules
338 1885 394 1950 ubi
410 1887 547 1971 primum
563 1889 737 1953 renuntiati
754 1895 863 1952 essent
885 1887 1152 1953 adscriberentur.
1191 1887 1316 1954 Eodem
1340 1892 1480 1976 pertinet
1496 1890 1583 1976 quod
1604 1911 1669 1953 uon
1685 1909 1757 1954 raro
1777 1889 1886 1952 consul

230 1989 342 2054 unicus
366 1991 396 2054 ei
419 2011 503 2055 anno
534 1990 722 2077 adsignatur
745 2014 808 2078 quo
832 1998 959 2058 constet
981 1994 1145 2059 consulem
1170 1995 1405 2060 occidentalem
1429 1997 1648 2061 renuntiatum
1671 2000 1705 2060 et
1726 1996 1760 2059 in
1783 1994 1884 2058 fastos

230 2095 404 2161 orientales
431 2102 599 2183 receptum
623 2118 710 2162 esse:

229 2235 258 2280 a.
272 2220 334 2280 424
351 2239 383 2304 p.
394 2215 469 2282 chr.
493 2213 656 2303 Βίκτορος
676 2212 779 2302 μόνου
815 2216 933 2284 Ohron.
950 2220 1093 2305 paschal.
1109 2243 1140 2308 p.
1152 2224 1257 2303 580‚10
1283 2216 1445 2304 Βίκτορος
1466 2217 1524 2286 καί
1547 2215 1716 2286 Καστίνου

272 2322 334 2385 458
490 2318 638 2400 Λέοντος
652 2315 739 2408 Asty.
763 2317 865 2406 μόνου
916 2374 923 2388 .
969 2374 977 2388 .
1022 2374 1030 2388 .
1076 2374 1083 2389 .
1151 2327 1237 2407 593,ι
1282 2321 1430 2402 Λέοντος
1450 2315 1533 2409 Λύγ.
1555 2321 1613 2388 καὶ
1635 2318 1844 2409 Μαιονρίνοο

273 2427 335 2488 459
493 2421 677 2511 Πατρικίου
699 2421 800 2510 μόνου
911 2477 918 2491 .
965 2477 972 2489 .
1019 2476 1025 2490 .
1073 2475 1080 2489 .
1280 2424 1462 2512 Ῥεκιμέροο
1484 2425 1541 2492 καὶ
1557 2422 1741 2513 Πατρικίου
1756 2427 1885 2492 inverso

1392 2529 1504 2595 ordine

272 2635 335 2696 462
491 2629 639 2712 Λέοντος
659 2640 682 2718 β
703 2627 805 2716 μόνου
965 2684 972 2698 .
1019 2685 1026 2700 .
1073 2684 1080 2700 .
1280 2632 1428 2713 Λέοντος
1442 2627 1529 2720 Λύγ.
1551 2630 1589 2702 τὸ
1614 2640 1637 2719 β
1661 2632 1719 2700 καὶ
1744 2638 1885 2721 Συρπεν·

1391 2735 1482 2805 τίνου
1506 2737 1542 2824 (l.
1559 2733 1717 2828 Σεβήρου)

271 2845 333 2907 463
490 2841 653 2927 Βιβιανοῦ
674 2836 776 2925 μόνου
913 2895 919 2908 .
967 2892 974 2907 .
1020 2893 1028 2907 .
1073 2894 1081 2909 .
1281 2846 1444 2927 Βιβιανοῠ
1465 2839 1522 2908 καί
1545 2838 1726 2908 Βασιλείου

272 2948 335 3012 482
496 2941 678 3031 Τροκόνδοο
700 2941 803 3029 μόνου
912 2995 920 3010 .
966 2997 973 3011 .
1019 2997 1027 3011 .
1074 2997 1080 3013 .
1147 2949 1251 3028 eoa„
1281 2941 1466 3031 Τροκόνδου
1488 2943 1545 3011 καὶ
1569 2946 1768 3032 Σεβηριανοῦ

272 3053 334 3115 484
496 3045 702 3133 Θεοδωρίχου
723 3044 825 3133 μόνου
909 3098 1186 3116 ......
1284 3046 1491 3136 Θεοδωρίχου
1514 3047 1570 3114 καί
1594 3044 1771 3115 Βεναντίου

271 3157 334 3219 486
491 3148 657 3239 Λογγίνοο
679 3143 824 3238 βμόνου
915 3201 922 3216 .
968 3203 975 3218 .
1021 3204 1028 3220 .
1074 3203 1082 3217 .
1149 3157 1254 3236 eoas.
1279 3149 1447 3239 Λογγίνοο
1469 3150 1526 3218 καί
1550 3149 1671 3219 Δεκίου

272 3261 335 3324 489
492 3249 654 3341 Εύσεβίου
675 3249 777 3339 μόνου
910 3305 918 3321 .
964 3307 972 3324 .
1017 3307 1025 3321 .
1073 3308 1080 3322 .
1147 3260 1234 3338 666,ι
1280 3249 1442 3341 Εὖσεβίου
1464 3254 1521 3322 καὶ
1544 3251 1711 3341 Προβίνου

272 3366 335 3427 496
492 3356 658 3446 Λογγίνοο
681 3353 828 3444 δεύτερον
849 3353 951 3442 μόνου
964 3409 1185 3426 .....
1278 3357 1444 3447 Λογγίνοο
1463 3355 1502 3427 τὸ
1518 3346 1541 3445 d
1558 3358 1615 3425 καὶ
1636 3354 1792 3426 Φαύστου
1809 3354 1848 3424 τὸ
1864 3364 1887 3444 β

271 3468 334 3530 493
490 3455 650 3549 Εύσεβίου
671 3469 694 3548 β
714 3457 816 3546 μόνου
909 3513 917 3528 .
963 3512 970 3528 .
1016 3515 1023 3530 .
1068 3517 1076 3534 .
1143 3467 1250 3546 eorm
1275 3455 1490 3549 Εὗσεβίοοτό
1513 3453 1613 3549 daei
1633 3456 1788 3549 Ἀλβίνου

272 3574 334 3633 516
490 3562 635 3654 Βονγτίοο
657 3561 759 3650 μόνου
909 3617 918 3634 .
963 3616 970 3631 .
1017 3617 1024 3632 .
1071 3617 1078 3632 .
1114 3588 1150 3632 re
1173 3588 1252 3634 vera
1280 3566 1420 3632 Boethio
1444 3574 1479 3632 et
1500 3567 1675 3633 Eutharico

228 3690 349 3754 laetrrm
373 3679 473 3753 stiam
499 3695 536 3752 ut
558 3690 641 3753 alter
663 3689 774 3753 consul
796 3687 988 3771 adderetur,
1010 3695 1184 3776 postquam
1207 3691 1337 3755 unicum
1360 3691 1436 3754 anui
1461 3692 1626 3755 consulem
1650 3711 1723 3755 esse
1747 3691 1884 3755 relatum

228 3801 316 3860 esset

271 3902 331 3961 474
490 3893 638 3976 Λέοντος
660 3882 804 3980 όμόνου
933 3894 990 3962 καί
1014 3898 1204 3983 Προβιανοῦ

273 4005 337 4066 472
494 4001 692 4086 Μαρκιανοῦ
713 3995 816 4084 μόνου
934 4000 991 4067 καὶ
1017 4003 1152 4091 Φήστου

271 4108 333 4171 476
490 4101 670 4170 Boudeion
692 4097 889 4190 Αὐγούστου
911 4101 1014 4190 μόνου
1038 4106 1111 4192 (sed
1135 4105 1348 4192 expunctum)
1371 4103 1428 4170 καὶ
1451 4101 1629 4190 Ἅρματίοο
1650 4100 1753 4188 μόνου

226 4226 283 4291 ubi
304 4232 442 4313 apparet
463 4225 520 4291 καὶ
539 4219 706 4311 Ἀρμύτου
729 4228 782 4291 vel
801 4219 984 4311 Ἀρματίου
1006 4228 1038 4291 iu
1060 4226 1237 4313 archetypo
1260 4227 1306 4290 ita
1329 4225 1526 4311 adscriptum
1548 4226 1657 4308 fuisse,
1680 4232 1716 4290 ut
1738 4227 1771 4290 in
1793 4227 1881 4290 vocis

227 4329 387 4395 delendae
409 4324 511 4413 μόνου
533 4329 639 4394 locum
662 4329 804 4412 cederet,
827 4330 992 4396 librarium
1014 4352 1092 4396 vero
1116 4330 1150 4395 id
1173 4331 1340 4395 consilium
1362 4351 1427 4394 non
1449 4331 1665 4416 perspexisse.
1710 4330 1796 4395 unde
1817 4331 1882 4394 iarn

228 4435 409 4520 explicatur
438 4432 525 4519 quod
552 4455 633 4499 coss.
664 4455 693 4499 a.
711 4439 773 4498 446
796 4434 859 4499 hoc
883 4435 994 4501 ordine
1024 4441 1232 4500 recensentur
1257 4427 1449 4499 ’Λνατολίου
1476 4431 1533 4499 καὶ
1554 4427 1782 4513 Οὐαλεντίνου,
1812 4454 1884 4498 oum

227 4537 345 4603 Ohron.
374 4537 484 4624 pasch.
502 4541 589 4620 583,ο
619 4539 805 4624 imperatori
835 4540 1026 4605 occidentali
1051 4540 1207 4604 honorem
1229 4560 1293 4603 non
1317 4538 1473 4624 deneget:
1509 4531 1778 4604 Θύαλαπινιανοῦ
1799 4537 1882 4623 Asty.

226 4637 265 4708 τὸ
294 4639 390 4708 ἐκαὶ
413 4636 616 4706 ’Λνατολίουε
646 4641 791 4708 Anatolii
822 4646 960 4709 consulis
991 4644 1154 4709 orientalis
1182 4664 1300 4708 nomen
1328 4643 1393 4707 iam
1419 4643 1451 4706 in
1480 4641 1624 4706 tabulam
1653 4643 1790 4706 relatum
1814 4647 1885 4706 erat

226 4753 401 4832 antequam
425 4745 535 4809 consul
559 4743 766 4811 occidentalis
789 4749 936 4813 innotuit.
989 4747 1112 4822 Quodsi
1131 4754 1261 4834 ternpus
1281 4747 1505 4832 praeterierat,
1527 4746 1611 4810 iutra
1634 4745 1720 4832 quod
1736 4746 1884 4810 consules

226 4853 259 4915 in
272 4850 426 4936 Aegypto
441 4849 618 4913 renuntiari
634 4850 792 4935 solebant,
809 4853 904 4917 facile
921 4853 1030 4917 evenit
1044 4859 1080 4916 ut
1093 4873 1210 4916 vacare
1228 4850 1428 4916 consulatum
1443 4850 1647 4914 festinantius
1664 4847 1882 4913 adnotaretur.

226 4957 347 5020 lactum
370 4955 432 5018 hoc
455 4960 590 5017 estnon
614 4955 728 5036 solum,
752 4977 824 5019 enm
845 4953 927 5020 unus
951 4958 1061 5020 consul
1085 4955 1294 5021 occidentalis
1319 4960 1406 5018 esset

382 5096 411 5139 a.
429 5076 492 5139 483
527 5067 682 5140 όνύπατα
727 5075 785 5140 sed
808 5077 917 5142 chron.
940 5079 1049 5163 pasch.
1063 5081 1166 5160 662,ιτ
1197 5072 1352 5142 Φαύστου
1373 5069 1477 5159 μόνου

228 5198 287 5263 sed
310 5199 410 5263 stiam
432 5217 505 5261 eum
529 5196 694 5260 orientalis

382 5342 411 5384 a.
428 5323 491 5382 475
527 5309 682 5382 ἆνύπατα
726 5316 793 5381 chr.
816 5319 926 5403 pasch.
951 5322 1054 5402 aaa„
1079 5314 1231 5408 Ζήνωνος
1252 5312 1449 5406 Αὐγούστου
1470 5311 1509 5382 τὸ
1532 5301 1688 5400 ῥμόνου.

225 5444 329 5530 magis
352 5443 450 5507 etiam
473 5439 554 5504 fides
577 5439 731 5502 fastorum
755 5439 856 5502 enitet
878 5439 910 5503 in
934 5460 1016 5503 anno
1040 5443 1113 5522 494,
1137 5440 1192 5505 ubi
1216 5439 1321 5505 codex
1342 5438 1514 5503 Leidensis
1537 5437 1558 5500 f.
1576 5441 1665 5501 52v4

331 5667 352 5736 ¹)
370 5664 482 5718 ύπάτων
500 5667 600 5719 restitui
619 5681 663 5734 pro
682 5665 830 5716 accusativo
848 5659 954 5716 ὕπατον
971 5683 1047 5732 quem
1065 5667 1123 5718 libri
1142 5667 1254 5718 trudunt.

1623 5754 1676 5808 50*
