4634 6286
818 281 894 338 CVII
916 280 1193 337 ADDITAMEN'IIS
1212 281 1353 336 NBNNII.
1850 290 1908 351 127

383 458 433 538 sit,
456 456 602 521 veritatis
625 456 809 520 testimonio
832 457 936 541 magis
959 453 1193 520 attendendum
1218 475 1289 518 esse
1312 455 1479 541 probatur.
1523 478 1598 520 nam
1621 479 1681 522 nec
1698 459 1806 542 (nemo
1827 458 1909 523 Gut-

380 560 513 643 schmid)
537 561 815 646 contemptibilem
838 561 989 624 aestimat
1011 579 1190 644 gemmam,
1214 564 1386 644 postquam
1410 558 1450 624 de
1475 581 1587 643 caeno,
1610 562 1643 626 in
1666 583 1729 648 quo
1752 564 1908 644 iacuerat,

383 665 526 746 extersit,
561 664 648 749 quod
679 685 736 728 suo
771 664 921 728 thesauro
957 662 1111 748 dignatus
1140 668 1189 726 cst
1219 662 1425 748 postmodum
1458 663 1588 729 adicere
1624 665 1789 751 (adiecere
1817 667 1908 750 cod).

381 767 478 832 credo
508 788 648 853 namque
676 768 850 832 maioribus
878 757 911 832 et
938 766 1229 852 eloquentioribus,
1261 767 1442 852 quicunque
1466 768 1607 853 benigno
1636 769 1752 835 ardore
1782 773 1909 836 accensi

380 878 575 936 exoratura
599 871 782 958 (exaratum
807 871 1009 956 Gctscbmid)
1033 870 1265 935 barbarizantis
1287 871 1397 956 lingua
1415 873 1590 936 materiam
1613 871 1780 939 Romanae
1802 876 1905 940 verri-

382 976 453 1040 culo
485 977 690 1061 eloquentiae
720 977 852 1062 planare
885 975 1065 1040 studuerint
1099 974 1285 1061 (studIerint
1307 975 1398 1058 cod),
1433 977 1459 1040 si
1497 997 1686 1041 concussam
1720 978 1909 1064 reliquerint

381 1081 533 1145 historiae
563 1080 827 1164 columnellam,
857 1099 954 1165 quam
984 1079 1080 1144 statui
1117 1098 1319 1164 permanere.
1376 1080 1502 1164 egimus
1532 1082 1643 1166 itaque
1674 1082 1757 1146 haec
1791 1083 1908 1146 nostris

380 1183 606 1249 infirmioribus
630 1182 866 1266 subveniendo,
889 1204 952 1248 non
974 1183 1151 1248 maioribus
1180 1180 1370 1265 invidendo,
1401 1185 1671 1270 octingentesimo
1687 1184 1801 1251 LVIII
1825 1208 1908 1251 anno

381 1285 559 1353 dominIcac
588 1288 834 1370 incarnationis,
862 1286 927 1351 XX
950 1307 1027 1352 uero
1058 1293 1172 1372 quarto
1195 1286 1332 1352 Mervini
1354 1288 1441 1372 regis
1463 1286 1649 1370 Britonnm,
1673 1289 1761 1354 cuius
1785 1291 1906 1355 laboris

381 1392 520 1478 pretium
550 1393 705 1458 maiorum
734 1391 884 1476 precibus
911 1392 1149 1477 recompensari
1179 1391 1317 1476 postulo.
1366 1392 1426 1456 sed
1453 1393 1535 1458 haec
1564 1398 1697 1458 actenus
1727 1395 1908 1480 praelibata

382 1496 556 1570 sufficiant;
580 1501 689 1559 cetera
712 1494 853 1579 supplex
875 1493 1061 1558 obedientia
1084 1514 1142 1579 pro
1167 1494 1286 1558 viribus
1310 1497 1482 1581 supplebit.

934 1684 963 1745 2.
995 1679 1230 1746 CAPITVLA.

296 1807 321 1870 Ι.
345 1805 397 1869 De
421 1825 480 1869 sex
503 1803 665 1868 aetatibus
688 1801 809 1884 mnndi,
833 1808 867 1866 et
889 1808 967 1888 quot
989 1823 1090 1866 annos
1112 1823 1327 1889 unaquaeqne
1351 1810 1451 1869 tenet.

297 1909 338 1972 II.
352 1907 457 1972 'Unde
481 1907 567 1971 dicta
590 1908 631 1970 sit
653 1906 834 1986 Britannia,
866 1913 898 1970 et
922 1929 941 1970 a
964 1927 1027 1993 quo
1051 1907 1092 1970 sit
1115 1907 1160 1971 sic
1181 1909 1365 1990 nominata,
1389 1910 1591 1996 qualiterque
1615 1912 1693 1990 sita,
1719 1919 1752 1976 et
1775 1921 1853 1997 quot
1876 1915 1908 1978 in

381 2015 514 2097 longum
543 2017 576 2074 ct
606 2018 822 2075 transversum
853 2010 990 2075 miliaria
1019 2010 1135 2091 habet,
1164 2018 1305 2097 quotque
1336 2011 1482 2077 civitates
1517 2014 1548 2077 in
1579 2035 1614 2078 se
1643 2016 1800 2097 continet,
1830 2023 1908 2101 quot

385 2136 506 2201 genera
528 2115 694 2179 hominum
721 2115 804 2177 intra
833 2135 868 2177 se
892 2114 1042 2195 sustinet,
1075 2120 1217 2200 quotque
1242 2114 1429 2180 adiacentes
1456 2118 1576 2182 insulas
1598 2118 1760 2204 possidet,
1793 2120 1908 2204 quibus

384 2220 671 2306 praestantioribus
702 2217 885 2282 fluminibus
917 2217 1117 2299 interluitur,
1147 2239 1207 2304 per
1236 2239 1318 2304 quae
1349 2220 1477 2284 divitias
1506 2227 1539 2286 et
1568 2221 1700 2286 delicias
1724 2229 1909 2288 exterorum

384 2325 441 2408 (ex
465 2329 648 2387 ceteromm
670 2323 736 2386 cod.
759 2327 834 2386 unte
855 2320 950 2406 cor-r.)
975 2342 1148 2406 regnorum
1171 2322 1369 2389 desemntur.

298 2427 358 2491 III.
383 2425 478 2500 Quod
501 2425 651 2490 Britones
673 2426 890 2511 impleverunt
913 2446 986 2490 eam
1009 2447 1029 2489 a
1052 2426 1132 2490 mari
1155 2447 1258 2512 usque
1279 2426 1323 2491 ad
1338 2448 1437 2509 mare,
1462 2434 1531 2492 eta
1551 2450 1614 2514 quo
1631 2435 1778 2516 tempore
1795 2452 1909 2496 secun-

383 2529 458 2593 dum
491 2528 623 2594 annales
656 2529 877 2605 Romanorum
911 2529 1084 2594 inhabitari
1118 2531 1220 2615 cepit,
1250 2530 1452 2618 qualiterque
1483 2532 1704 2598 Romanorum
1734 2535 1909 2620 sugillatio,

384 2632 472 2720 qnod
493 2635 526 2697 in
548 2653 607 2698 nos
628 2634 745 2698 iniuste
770 2638 975 2719 extorquent,
998 2632 1103 2698 refelli
1126 2640 1245 2718 potest,
1269 2632 1311 2699 de
1334 2640 1406 2699 ortu
1432 2636 1531 2700 etiam
1551 2636 1644 2702 Bruti
1667 2643 1700 2702 et
1714 2659 1908 2723 proavorum

385 2738 464 2818 cius,
487 2743 521 2801 ct
544 2735 621 2824 quid
643 2757 757 2822 magus
780 2736 822 2801 de
846 2757 885 2801 eo
909 2736 1047 2801 necdum
1070 2743 1146 2802 nato
1170 2737 1379 2824 praedixerit.

297 2842 355 2907 IV.
378 2843 429 2906 De
456 2862 557 2927 regno
581 2841 687 2922 Bnee,
710 2841 857 2920 Ascanii,
882 2839 987 2921 silvii,
1018 2839 1111 2904 Bruti
1143 2847 1176 2906 et
1204 2841 1390 2924 Posthnmi,
1420 2849 1453 2907 et
1477 2843 1563 2928 quod
1585 2843 1687 2908 Bmtc
1711 2843 1910 2910 Britanniam

384 2947 511 3010 venerit
533 2952 680 3031 ternpore
704 2943 881 3009 sacerdotis
904 2943 991 3008 Heli.

296 3051 337 3115 V.
360 3050 412 3114 Dc
442 3050 584 3114 adventu
609 3049 773 3113 Pictorum
803 3049 835 3111 in
863 3047 1080 3129 Britanniam,
1116 3055 1149 3113 et
1179 3048 1340 3135 quomodo
1365 3049 1509 3114 Orcades
1537 3051 1657 3114 insulas
1681 3054 1910 3138 occupaverint

386 3162 419 3217 et
441 3154 597 3218 hactenus
621 3152 827 3218 obtinuerint.

297 3258 355 3323 VI.
380 3256 476 3332 Quod
498 3255 601 3321 Scotti
624 3255 664 3320 de
687 3256 847 3341 Hispania
869 3255 1027 3334 venerint,
1052 3263 1086 3320 et
1108 3276 1171 3340 quo
1196 3261 1342 3344 tempore
1369 3256 1559 3321 Hiberniam
1582 3258 1765 3322 inhabitare
1789 3280 1907 3346 coepe-

383 3363 461 3444 rInt,
486 3367 519 3426 et
541 3361 681 3446 qualiter
701 3360 969 3425 Bartholomeum
993 3359 1033 3424 de
1056 3359 1216 3423 Hibernia
1237 3359 1424 3445 pestilentia
1447 3379 1519 3423 cum
1551 3361 1615 3424 suis
1640 3362 1787 3444 eraserit,
1812 3363 1909 3428 etde

387 3465 527 3551 quodam
550 3464 675 3546 Nimec,
699 3465 753 3550 qui
776 3470 891 3550 postea
913 3465 968 3528 illo
992 3465 1091 3545 venit,
1115 3463 1174 3529 sed
1197 3471 1231 3528 et
1253 3470 1370 3550 postea
1392 3485 1465 3529 cum
1488 3464 1553 3528 suis
1575 3463 1679 3528 rediit.

297 3569 373 3634 VII.
395 3569 447 3633 De
469 3569 569 3633 tribus
584 3567 657 3632 filiis
673 3568 839 3632 cuiusdam
862 3568 969 3633 militis
984 3567 1173 3654 Hispaniae,
1198 3569 1253 3654 qui
1274 3567 1466 3632 Hiberniam
1487 3568 1721 3653 applicuemnt‚
1747 3570 1908 3654 quomodo

383 3673 551 3739 castellum
574 3673 711 3736 vitreum
740 3673 772 3736 in
801 3693 891 3736 mare
912 3670 1062 3736 videnmt
1091 3677 1124 3736 et
1146 3670 1226 3735 illud
1249 3677 1474 3757 oppugnantes
1497 3672 1671 3757 perierunt.
1717 3672 1776 3737 sed
1798 3678 1908 3739 tamen

383 3775 502 3843 residui
536 3797 648 3841 eorum
684 3797 755 3841 cum
787 3777 1087 3862 supervenientibus
1120 3775 1275 3862 Hispanis
1300 3776 1457 3862 paulatim
1487 3781 1588 3841 totam
1612 3776 1805 3843 Hiberniam
1833 3799 1908 3864 pos-

384 3881 537 3946 siderunt.

296 3987 389 4052 VIII.
412 3985 509 4059 Quod
531 3985 619 4050 nulla
641 3990 730 4050 certa
751 3985 886 4049 historia
909 3984 1040 4069 originis
1063 3983 1248 4049 Scottorum
1271 3971 1460 4048 continetur.

297 4091 356 4157 IX.
380 4090 542 4166 Quamdiu
563 4089 723 4155 Hibernia
745 4089 965 4154 inhabitabilis
989 4087 1066 4172 fuit,
1095 4094 1129 4153 et
1152 4088 1192 4152 de
1216 4088 1358 4175 quodam
1381 4088 1484 4153 nobili
1506 4087 1617 4153 Scitha
1639 4110 1762 4175 genero
1784 4090 1908 4156 Phara-

384 4195 463 4275 onis,
487 4215 584 4280 quem
606 4215 686 4280 rege
708 4194 876 4258 submerso
901 4215 973 4258 cum
996 4193 1062 4258 suis
1078 4190 1235 4279 Aegyptii
1259 4194 1462 4279 expulerunt,
1484 4192 1647 4279 quomodo
1670 4195 1908 4280 peregrinando

383 4305 520 4383 vagatus
543 4299 594 4380 sit,
619 4305 652 4363 et
674 4296 803 4384 quando
826 4297 1018 4363 Hiberniam
1042 4298 1220 4383 appulerit;
1246 4303 1279 4362 et
1302 4302 1379 4383 quot
1399 4317 1501 4362 annos
1524 4297 1643 4362 tribuni
1668 4298 1827 4380 (tribunos
1842 4300 1908 4364 cod.

383 4406 458 4466 onte
479 4399 575 4487 corr.)
599 4400 773 4466 dictatores
795 4423 834 4467 ac
856 4403 1004 4467 consuler
1028 4421 1098 4466 rem
1120 4401 1283 4487 publicam
1306 4401 1524 4486 optinuerunt.

297 4506 340 4570 X.
365 4505 438 4579 Qua
461 4511 570 4569 aetate
597 4504 748 4570 Britones
771 4513 929 4571 venemnt
958 4505 1001 4569 ad
1027 4504 1243 4586 Britanniam,
1268 4511 1302 4569 et
1325 4526 1388 4590 qua
1411 4503 1557 4586 Scithae,
1585 4503 1619 4568 id
1648 4510 1697 4568 est
1730 4503 1832 4569 Scotti
1855 4507 1909 4590 qui

383 4629 467 4673 nuno
491 4608 638 4674 dicuntur
654 4609 885 4691 Hibernenses,
910 4609 953 4674 ad
967 4609 1169 4690 Hiberniam,
1194 4614 1227 4672 et
1242 4607 1405 4693 quomodo
1422 4606 1572 4672 Britones
1589 4629 1609 4671 a
1623 4608 1723 4672 Pictis
1741 4615 1774 4672 et
1791 4607 1909 4672 Scottis

381 4713 562 4798 impugnati
589 4714 666 4794 sint,
698 4735 760 4798 quo
792 4715 890 4778 etiam
918 4721 1066 4800 tempore
1098 4713 1236 4778 Romani
1263 4713 1484 4778 monarchiam
1512 4712 1622 4777 mundi
1652 4710 1763 4798 adepti
1791 4712 1911 4777 fuerint

383 4815 559 4881 secundum
583 4817 766 4882 Scottorum
789 4819 949 4903 peritiam.

296 4921 355 4985 XI.
379 4920 430 4985 Dc
454 4921 682 5006 supputatione
710 4941 866 4985 annorum
896 4922 1123 4986 incarnationis
1154 4920 1274 4985 domini
1303 4919 1451 5000 Patrioii,
1488 4917 1660 5004 Brigidae‚
1694 4918 1909 4984 Columkillae

385 5032 419 5090 et
442 5046 505 5111 quo
529 5046 611 5088 anno
635 5023 782 5089 Saxones
805 5025 1004 5090 Britanniam
1027 5025 1183 5089 venerint.

297 5129 374 5194 XII.
398 5129 496 5194 Aliud
520 5130 778 5215 experimentum
808 5129 848 5194 de
877 5138 948 5195 ortu
979 5130 1146 5194 Britonnm
1178 5128 1402 5212 indigenarum
1426 5126 1651 5192 traditionibus
1674 5127 1853 5208 seniorum,
1877 5133 1911 5192 et

384 5255 428 5298 ex
449 5234 613 5299 veteribus
636 5233 724 5298 libris
747 5240 893 5298 veterum
915 5234 1084 5298 Britonnm
1114 5235 1296 5312 inventum,
1324 5231 1485 5317 quomodo
1514 5237 1580 5295 tres
1609 5230 1666 5294 filii
1692 5229 1764 5295 Noe
1792 5231 1910 5297 divise-

383 5345 456 5402 runt
480 5338 592 5402 orbem
616 5344 772 5402 terrarum
794 5339 827 5402 in
849 5345 915 5403 tres
938 5343 1048 5424 partes
1070 5343 1144 5422 post
1167 5334 1331 5399 diluvium.

301 5443 395 5506 XIII.
419 5441 471 5507 De
493 5442 663 5508 nobilitate
685 5441 869 5525 Britonnm,
893 5449 926 5506 et
949 5441 1036 5528 qnod
1059 5441 1104 5505 illi
1129 5439 1169 5504 de
1193 5459 1314 5524 genere
1338 5439 1455 5525 Iaphet
1478 5437 1705 5503 descenderint
1726 5461 1746 5503 a
1770 5439 1910 5526 quodam

383 5547 513 5629 Alanis,
541 5547 629 5610 cuius
652 5548 880 5638 genealogiam
902 5569 1005 5636 usquc
1029 5544 1071 5610 ad
1094 5543 1201 5610 Adam
1223 5544 1458 5633 protoplastum
1483 5543 1578 5608 ducit.
