4552 6308
1155 1277 1245 1373 Ill.

436 1464 870 1564 LATERCVLVS
903 1469 1399 1567 IMPERATORVM
1431 1475 1526 1569 AD
1560 1471 1887 1568 IVSTINVM
1921 1473 1959 1566 Ι.

474 1687 669 1785 laterculus
701 1716 932 1803 imperatorum
966 1717 1019 1804 qui
1053 1718 1196 1803 seqnitur
1229 1718 1271 1783 ab
1297 1717 1446 1806 Augusto
1481 1720 1674 1806 perveniens
1701 1718 1743 1782 ad
1770 1718 1927 1784 Iustinum
1949 1718 1967 1782 I
1989 1724 2027 1783 ut

373 1823 512 1907 exiguae
541 1819 716 1886 admodum
737 1821 885 1887 utilitatis
908 1828 971 1902 est,
1001 1823 1048 1886 ita
1078 1843 1142 1886 non
1164 1824 1260 1909 plane
1282 1825 1523 1912 neglegendum
1552 1846 1627 1889 nam
1651 1844 1844 1909 quamquam
1866 1823 2024 1908 pleraque

372 1947 453 2012 quae
483 1931 595 1991 auctor
623 1925 718 1990 affert
751 1927 793 1991 ad
821 1927 993 2013 scriptores
1023 1926 1160 1992 redeunt
1194 1928 1300 1994 adhuc
1333 1931 1535 2017 superstites,
1573 1935 1661 1994 certe
1689 1928 1742 1993 hic
1768 1929 1832 1992 illio
1858 1926 1901 1991 ad
1929 1928 2025 1992 crisin

373 2052 483 2095 eorum
506 2029 653 2096 adhiberi
674 2033 794 2117 poterit
817 2037 851 2095 et
872 2030 942 2096 fieri
963 2036 1082 2118 potest,
1105 2039 1141 2096 ut
1160 2032 1281 2097 habeat
1303 2036 1434 2120 propria
1456 2033 1626 2120 quaedam.
1671 2033 1807 2120 primam
1831 2037 1957 2118 partam
1982 2031 2024 2096 ab

370 2136 518 2222 Angusto
541 2133 583 2200 ad
606 2133 774 2199 Iovianum
797 2140 888 2222 patet
911 2142 1072 2222 sumptam
1096 2157 1168 2201 esse
1192 2137 1260 2201 fere
1284 2157 1327 2202 ex
1349 2136 1496 2224 Eutropii
1519 2137 1696 2217 breviario,
1727 2135 1815 2201 cuins
1837 2155 1920 2222 quae
1950 2141 2026 2200 sunt

370 2249 404 2306 et
432 2241 474 2305 ad
508 2262 660 2305 numeros
690 2262 792 2326 usque
824 2239 1034 2322 concordant,
1070 2242 1289 2326 expressimus
1318 2243 1487 2308 inclinatis.
1533 2249 1664 2330 praeter
1689 2240 1881 2326 Eutropium
1911 2239 2024 2326 paucis

369 2346 447 2411 locis
470 2343 649 2432 adsumpsit
671 2351 785 2410 auctor
807 2345 957 2410 chronica
972 2343 1236 2432 Hieronymiana,
1260 2352 1296 2410 ut
1312 2346 1495 2430 Traianum,
1520 2368 1615 2434 quem
1639 2345 1812 2431 Eutropius
1835 2345 1880 2408 ait
1902 2343 2024 2408 obiisse

369 2449 459 2532 apud
480 2447 657 2513 Seleuciam
678 2448 843 2526 Isauriae,
870 2446 1087 2535 Hieronymus
1110 2449 1145 2512 ia
1167 2447 1332 2514 Salcaumi
1355 2449 1546 2536 (secundum
1574 2449 1765 2534 Eusebium)
1792 2449 1856 2512 sice
1882 2451 1920 2511 at
1945 2446 2025 2512 alibi

370 2555 534 2638 (nimirum
557 2551 643 2640 apnd
665 2551 870 2638 Eutropium)
893 2553 1047 2634 sumtum
1068 2554 1262 2635 respuamus
1284 2555 1374 2636 apud
1395 2554 1571 2620 Seleuciam
1592 2555 1758 2632 Isauriae,
1781 2553 1955 2618 laterculus
1978 2551 2024 2616 ait

371 2658 557 2723 delimatum
580 2677 652 2721 esse
675 2656 764 2738 apud
778 2654 948 2721 Selinunte
963 2657 1123 2723 Isauriae.
1161 2658 1193 2721 iu
1215 2656 1347 2723 huiusce
1371 2660 1472 2745 partis
1489 2658 1647 2746 capitibus
1664 2658 1816 2722 extremis
1835 2657 2022 2743 pariterque

369 2765 401 2827 in
425 2762 579 2848 proximis
602 2759 747 2826 adhibita
769 2767 843 2825 sunt
865 2762 1046 2826 consularia
1065 2760 1435 2848 Constantinopolitana;
1459 2770 1547 2828 certe
1565 2761 1693 2827 Gallum
1716 2769 1865 2828 necatum
1889 2780 1962 2825 esse
1985 2760 2024 2822 ’ἐκ

369 2865 478 2932 insula
499 2865 654 2930 Flanona
678 2886 720 2930 ex
742 2865 781 2930 iis
804 2864 1004 2930 solummodo
1022 2871 1133 2931 auctor
1148 2887 1276 2931 sumere
1292 2867 1397 2952 potuit
1413 2866 1594 2953 eodemque
1611 2866 1731 2932 ducunt
1747 2886 1830 2954 quae
1847 2870 2024 2951 sequuntur

370 2971 413 3036 ad
434 2971 618 3036 Valentem.
662 2969 768 3033 missis
799 2970 957 3056 capitibus
985 2969 1183 3036 aCratiano
1213 2971 1255 3036 ad
1284 2971 1503 3037 Theodosium
1526 2970 1561 3036 II
1589 2973 1634 3037 ita
1657 2972 1811 3054 exilibus,
1840 2975 1876 3034 ut
1898 2973 2023 3034 certum

369 3083 536 3143 auctorem
558 3097 624 3140 non
645 3074 794 3161 prodant,
819 3083 966 3141 extrema
987 3075 1062 3142 inde
1086 3075 1265 3142 alohanne
1290 3079 1344 3165 qui
1366 3084 1592 3164 postmortem
1608 3075 1744 3141 Honorii
1766 3094 1901 3160 regnum
1926 3094 2022 3139 occu-

369 3203 449 3269 pare
472 3187 606 3246 conatus
629 3185 688 3262 est,
714 3186 872 3267 quatenus
887 3181 1100 3267 imperatores
1117 3181 1301 3247 Occidentis
1324 3187 1481 3268 spectant,
1504 3201 1606 3267 prope
1626 3178 1784 3245 accedunt
1806 3177 1848 3242 ad
1864 3199 1913 3260 ea,
1938 3197 2023 3264 qnae

369 3286 410 3351 de
434 3286 531 3351 rebus
555 3284 808 3350 occidentalibus
830 3285 983 3371 leguntur
1006 3285 1093 3372 apud
1114 3285 1336 3351 Marcellinum
1360 3287 1521 3367 comitem,
1546 3305 1740 3372 quamquam
1762 3304 1827 3348 non
1848 3282 1959 3346 ‘omnia
1983 3303 2023 3346 eo

370 3390 514 3455 adhibito
548 3390 644 3476 plene
682 3390 896 3476 explicantur,
931 3395 967 3454 ut
995 3390 1028 3454 in
1056 3389 1168 3455 Leone
1192 3395 1381 3456 aamtacam
1404 3397 1588 3477 corruptum
1620 3396 1653 3454 et
1679 3390 1713 3474 in
1735 3387 1857 3452 Severo
1881 3384 1915 3450 II
1937 3383 2024 3472 quod

370 3495 487 3560 dicitur
520 3491 661 3576 relipiosc
691 3494 816 3557 mxima
868 3493 1091 3559 Marcellinum
1122 3516 1193 3559 cum
1222 3494 1396 3560 viderimus
1428 3495 1505 3579 (rol.
1528 3496 1547 3557 2
1574 3515 1605 3579 p.
1630 3491 1686 3578 46)
1720 3491 1932 3558 occidentalia
1965 3511 2024 3556 sua

370 3599 508 3664 traxisse
532 3618 574 3662 ex
597 3596 755 3662 chronicis
770 3596 965 3680 Occidentis,
989 3598 1125 3663 fortasse
1149 3600 1330 3664 communio
1354 3619 1437 3686 quae
1460 3597 1631 3663 intercedit
1651 3598 1735 3662 inter
1749 3594 1972 3660 Marcellinum
1990 3603 2024 3660 et

368 3705 462 3768 huius
484 3701 597 3767 indicis
621 3707 785 3766 auctorem
809 3702 893 3767 redit
916 3702 958 3766 ad
981 3701 1203 3768 chronicorum
1227 3724 1338 3768 eorum
1355 3704 1533 3788 epitomem
1555 3701 1596 3767 ab
1612 3708 1750 3786 utroque
1765 3705 1961 3786 usurpatam.
1981 3735 2022 3746 —

370 3808 531 3894 Scriptum
555 3826 627 3871 esse
649 3805 788 3871 indicem
811 3807 870 3872 sub
894 3805 1070 3872 Iustiniana
1093 3807 1192 3872 nolim
1215 3808 1290 3873 inde
1315 3808 1479 3892 colligere,
1502 3806 1589 3892 quod
1611 3806 1680 3870 finit
1701 3807 1733 3869 in
1752 3804 1875 3869 Iustino
1892 3803 1925 3878 I;
1948 3823 2024 3868 nam

370 3913 440 3977 fieri
461 3917 580 3998 potest,
603 3918 638 3975 nt
661 3911 775 3996 copiae
798 3911 831 3974 in
854 3931 893 3976 eo
917 3911 1106 3993 defecerint,
1132 3912 1247 3998 quibus
1270 3917 1383 3977 auctor
1404 3932 1480 3976 usus
1502 3916 1560 3975 est.

473 4013 610 4079 Codices
633 4013 769 4078 adhibiti
792 4021 865 4079 sunt
887 4037 946 4080 sex
967 4016 1010 4079 hi.

324 4118 352 4185 0
474 4119 651 4183 Vaticanus
675 4121 759 4183 3339
783 4139 867 4185 saec.
884 4119 916 4184 X
939 4120 960 4184 f.
978 4123 1060 4185 246⁴.
1086 4123 1160 4184 2471
1182 4126 1256 4206 post
1279 4119 1373 4184 Pauli
1400 4119 1567 4185 historiam
1591 4119 1772 4184 Romanam
1796 4117 1849 4200 (cf.
1874 4115 2024 4202 Droysen

369 4225 471 4312 praef.
488 4223 530 4288 ad
546 4222 739 4309 Eutropium
760 4245 791 4310 p.
809 4223 906 4288 XXX
931 4232 964 4289 et
980 4223 1138 4288 Waitzius
1162 4246 1221 4288 scr.
1237 4223 1340 4311 Lang.
1364 4246 1395 4311 p.
1413 4227 1477 4306 36).
1525 4223 1627 4289 edidit
1640 4222 1781 4288 indicem
1797 4242 1840 4286 ex
1854 4221 1917 4285 hoc
1939 4221 2023 4286 libro

370 4336 403 4394 et
431 4349 470 4393 eo
500 4328 554 4414 qui
582 4328 726 4413 sequitur
753 4327 1002 4394 Schclestratius
1024 4331 1124 4415 antiq.
1150 4329 1259 4394 eccll
1290 4330 1400 4412 (1692)
1425 4351 1454 4414 p.
1472 4332 1533 4393 597
1547 4349 1629 4414 seq.;
1653 4327 1804 4414 repetivit
1835 4325 2024 4390 Roncallius

369 4432 478 4498 chron.
501 4437 564 4497 ret
587 4430 659 4496 Lat.
677 4436 706 4514 2,
723 4435 795 4496 249.
841 4453 915 4497 mea
937 4454 1034 4497 causa
1048 4431 1188 4498 indicem
1204 4433 1337 4498 contulit
1353 4431 1509 4496 Huelsen.
1555 4453 1668 4497 manus
1685 4429 1845 4496 secundae
1864 4430 2023 4494 lectiones

369 4538 541 4624 plerasque
564 4535 738 4622 suppressi.

322 4641 354 4706 Z
474 4639 651 4705 Vaticanus
673 4661 704 4706 n.
726 4642 804 4704 1984
836 4641 912 4722 (uon
935 4643 1012 4722 465,
1044 4647 1079 4704 ut
1106 4627 1152 4705 ait
1181 4641 1430 4706 schelestratius
1452 4642 1474 4705 l.
1492 4643 1532 4722 c.)
1556 4660 1640 4705 saec.
1663 4639 1713 4704 IX
1736 4640 1788 4704 vel
1810 4637 1842 4703 X
1865 4638 1924 4703 f.9
1948 4645 2024 4725 post

370 4745 539 4811 Curiosum
569 4743 658 4808 urbis
688 4743 815 4809 Romae
848 4744 899 4826 (of.
924 4744 1049 4809 Jordan
1071 4753 1197 4831 topogr.
1221 4745 1291 4810 urb.
1316 4745 1443 4810 Romae
1467 4746 1486 4807 2
1510 4748 1576 4831 p.3
1601 4751 1635 4809 et
1651 4743 1810 4808 Waitaius
1833 4765 1893 4810 sor.
1917 4742 2022 4829 Lang.

368 4871 399 4936 p.
417 4853 481 4932 30).
538 4848 607 4914 finit
640 4849 769 4914 mutilus
803 4850 880 4913 folio
915 4858 1046 4915 exsecto
1081 4851 1112 4914 in
1147 4849 1335 4915 Constantio
1360 4849 1393 4912 ΙΙ
1416 4850 1525 4915 verbis
1561 4850 1696 4914 moritur
1724 4868 1818 4912 armo.
1875 4845 2024 4912 adhibuit

370 4954 619 5019 schelestratius
641 4954 661 5017 l.
679 4974 705 5018 c.
742 4953 827 5018 hunc
850 4973 978 5039 quoque
1001 4954 1119 5019 libmm
1143 4975 1217 5018 mea
1240 4974 1337 5018 causa
1354 4953 1501 5019 Huelsen
1524 4953 1676 5019 excussit.
1722 4972 1836 5017 manus
1859 4950 2023 5016 secundae

369 5059 564 5123 mutationes
587 5059 763 5145 pleraeque
787 5059 865 5122 item
889 5059 1026 5124 omissae
1051 5065 1132 5123 sunt.

474 5161 676 5227 Coloniensis
697 5182 728 5224 n.
746 5164 787 5225 32
810 5181 895 5226 saec.
912 5161 944 5224 X
967 5161 988 5225 f.
1009 5165 1187 5226 193’-195
1210 5167 1285 5248 post
1307 5159 1471 5226 Ambrosii
1495 5161 1658 5248 epistulas.
1705 5160 1884 5247 descriptus
1908 5165 1958 5223 est
1981 5179 2024 5224 ex

368 5272 478 5332 nostro
497 5265 537 5340 C;
571 5286 646 5330 nam
679 5266 712 5330 in
745 5263 878 5330 Ioviano
911 5263 1074 5349 pallatiae
1106 5266 1300 5331 vocabulum
1326 5264 1406 5330 inC
1433 5266 1586 5352 scriptum
1615 5266 1768 5352 bipertito
1792 5270 1968 5351 propterea
1990 5265 2024 5330 in

370 5370 554 5436 Coloniensi
582 5371 667 5435 male
696 5368 855 5435 divulsum
878 5377 929 5434 est
952 5375 986 5433 et
1008 5369 1203 5436 concordant
1226 5371 1343 5436 omnia.
1387 5370 1497 5456 itaque
1528 5391 1592 5434 non
1624 5370 1756 5436 adhibui
1778 5370 1913 5451 librum,
1936 5369 2024 5434 unde

370 5476 567 5562 descriptum
588 5474 727 5540 indicem
750 5481 865 5561 sponte
888 5474 975 5538 misit
997 5472 1132 5540 Carolus
1155 5473 1308 5540 Schenkl.
1417 5457 1420 5464 Δ
1814 5483 1817 5492 ’

321 5573 350 5638 V
473 5579 650 5646 Vaticanus
672 5600 703 5642 n.
720 5582 780 5642 341
806 5599 890 5645 saec.
915 5578 946 5642 X
968 5579 1052 5643 inter
1070 5580 1287 5658 miscellanea,
1311 5578 1352 5644 de
1376 5578 1492 5665 quibus
1513 5579 1568 5665 egi
1589 5581 1652 5645 vol.
1674 5585 1687 5643 l
1712 5600 1743 5665 p.
1761 5581 1822 5642 524
1845 5575 1918 5643 adn.
