4634 6286
969 263 1059 319 vus
1078 263 1222 320 creusa.
1863 273 1922 335 109

266 436 366 500 bilem
400 435 570 519 abbatem,
606 438 660 522 qui
696 438 817 522 septies
852 437 953 502 adivit
980 439 1144 503 civitatem
1173 439 1268 502 istam
1297 444 1330 502 et
1360 445 1410 503 ter
1433 440 1657 505 lerosolimam
1680 447 1754 527 post
1775 443 1923 506 inmensa

267 541 411 624 pericula
433 547 467 604 et
489 541 652 606 assiduum
674 542 833 616 laborcm余
857 548 1003 607 remeato
1028 549 1062 606 et
1084 543 1225 629 cupienti
1245 543 1367 607 habere
1390 548 1426 607 ut
1449 543 1507 608 des
1524 544 1678 609 concedo.
1726 545 1923 609 destinatum

269 650 319 706 est
342 645 427 707 enim
449 643 511 727 illi,
540 649 576 709 ut
602 644 738 726 habeat,
772 665 814 709 ex
842 646 904 711 hoc
926 648 1091 732 praesenti
1120 647 1284 711 miraculo.
1332 646 1445 712 Gildas
1467 649 1578 734 itaquo
1601 649 1809 714 benedictam
1834 671 1922 713 cam-

268 767 386 831 panam
408 749 532 833 recepit
555 755 588 812 et
610 769 757 813 reversus
786 755 835 812 ast
863 756 896 812 at
923 756 1122 836 reportatam
1145 757 1254 814 sancto
1279 748 1408 815 Oudoco
1439 752 1539 836 gratis
1564 753 1732 838 impendit.
1791 759 1924 838 recepta

229 880 240 916 s
268 851 457 915 amanibus
481 852 608 916 abbatis
629 853 767 916 intonuit
789 853 874 917 illico
898 855 1026 940 pulsata
1050 854 1295 919 ammirantibus
1321 855 1451 919 cunctis.
1496 855 1582 920 unde
1598 858 1752 922 remansit
1775 857 1923 921 omnibus

267 956 470 1040 portantibus
494 976 553 1040 per
575 962 677 1020 totam
701 957 851 1021 Gualiam
874 978 931 1042 pro
956 959 1082 1042 refugio
1107 963 1140 1022 ct
1164 959 1358 1043 quicumque
1382 979 1442 1044 per
1465 959 1552 1024 illam
1574 961 1685 1025 illicita
1708 963 1844 1043 iuraret,
1869 967 1925 1024 aut

268 1059 449 1143 privaretur
476 1060 606 1143 linguae
638 1061 743 1124 officio
772 1066 828 1124 aut
856 1061 1047 1126 malefactor
1078 1061 1236 1125 fateretur
1267 1083 1358 1126 suam
1388 1063 1536 1126 iniuriam
1568 1065 1729 1130 continuo.
1775 1063 1961 1128 GadoeusS

271 1163 373 1227 abbas
396 1163 677 1228 Nancarbanensis
701 1165 860 1229 ecclcsiae
883 1166 1010 1250 rogavit
1034 1166 1162 1230 Gildam
1192 1165 1368 1247 doctorem,
1392 1172 1428 1229 ut
1450 1174 1581 1251 regerat
1604 1169 1745 1232 studium
1768 1169 1926 1232 scolarum

271 1287 332 1351 per
355 1267 428 1330 anui
452 1269 600 1351 spatium,
625 1275 658 1332 ct
673 1274 806 1354 rogatus
827 1271 912 1333 rexit
925 1267 1108 1350 utillimum,
1124 1269 1212 1333 nulla
1228 1269 1379 1335 mercede
1395 1277 1530 1355 recepta
1555 1292 1575 1335 a
1599 1272 1774 1336 scolaribus
1796 1277 1928 1358 praeter

220 1395 245 1432 ro
272 1371 434 1435 orationes
461 1373 538 1435 oleri
567 1379 600 1436 ct
628 1367 806 1437 scolarium.
857 1373 913 1437 ubi
939 1375 1078 1459 ipsemet
1102 1375 1228 1459 scripsit
1251 1395 1331 1459 opus
1362 1381 1502 1459 quatuor
1527 1376 1816 1460 euangelistarum,
1840 1373 1927 1460 quod

271 1473 376 1538 adhuc
398 1481 544 1538 remanet
566 1477 600 1539 in
617 1477 754 1540 ecclesia
770 1478 871 1541 saneti
888 1476 1010 1540 Oadoci
1026 1498 1104 1540 auro
1128 1484 1161 1540 et
1177 1484 1314 1562 argento
1331 1477 1472 1563 undique
1490 1485 1679 1565 coopertum
1705 1477 1746 1542 ad
1769 1479 1924 1542 honorem

273 1577 325 1640 dei
349 1585 382 1641 et
404 1580 566 1664 scriptoris
590 1581 779 1644 sanctissimi
803 1587 836 1644 et
859 1581 1112 1664 euangeliorum.
1160 1586 1272 1644 tenent
1288 1579 1463 1645 Waleuses
1486 1581 1662 1665 indigenae
1678 1581 1758 1644 illud
1774 1581 1926 1644 volumen

271 1681 537 1766 pretiosissimum
559 1684 592 1747 in
616 1684 886 1748 coniurationibus
910 1685 974 1747 suis
996 1704 1057 1748 uec
1085 1682 1206 1748 audent
1229 1685 1355 1770 aperire
1381 1682 1422 1747 ad
1445 1683 1622 1748 videndum
1653 1705 1714 1748 nec
1737 1683 1927 1748 confirmant

272 1805 386 1869 paoem
411 1793 444 1850 ct
466 1787 639 1850 amicitiam
661 1789 745 1851 inter
767 1788 926 1867 inimicos,
950 1788 1011 1851 nisi
1032 1787 1111 1851 illud
1135 1787 1263 1851 affuerit
1291 1788 1322 1850 iu
1346 1787 1456 1872 primis
1478 1788 1674 1872 appositum.
1719 1787 1826 1851 Finito
1850 1787 1963 1851 anniti

221 1922 245 1958 a
274 1891 378 1974 spatio
397 1896 430 1952 et
445 1890 621 1955 scolaribus
637 1891 864 1955 recedentibus
880 1912 899 1954 a
916 1890 1021 1955 studio
1038 1897 1165 1955 sanctus
1182 1890 1283 1955 abbas
1301 1889 1448 1954 Oadocus
1473 1895 1506 1955 et
1521 1889 1634 1954 Gildas
1651 1890 1764 1954 doctor
1787 1891 1927 1975 optimus

273 1995 434 2056 communi
461 1994 592 2057 consilio
624 1994 773 2058 adierunt
801 1995 881 2059 duas
910 1996 1048 2077 insulas,
1078 1996 1201 2060 scilicet
1229 1993 1365 2059 Ronecb
1396 1999 1429 2057 et
1456 1993 1570 2058 Echin.
1621 1992 1769 2058 Oadoous
1797 1994 1928 2057 intravit

272 2097 503 2181 proximiorem
520 2095 677 2178 walliae,
705 2097 819 2162 Gildas
846 2100 1052 2163 adiacentem
1083 2099 1232 2183 Angliae.
1284 2097 1442 2161 uolebant
1470 2096 1620 2182 impediri
1652 2097 1685 2160 in
1708 2097 1926 2161 eeclesiastico

274 2201 379 2264 officio
403 2222 423 2264 a
446 2202 639 2266 confluentia
662 2203 844 2284 hominum,
867 2209 1043 2288 propterea
1073 2202 1261 2266 nesciebant
1290 2201 1405 2266 melius
1433 2201 1599 2264 eonsilium
1624 2221 1720 2287 quam
1744 2202 1927 2286 relinquere

273 2303 456 2368 Carbanam
472 2305 601 2369 Vallem
632 2313 664 2370 et
695 2306 785 2369 adire
816 2307 956 2370 insulare
983 2312 1153 2371 secretum.
1206 2305 1319 2370 Gildas
1350 2302 1498 2368 fundavit
1525 2305 1558 2368 in
1587 2304 1707 2368 honore
1739 2311 1870 2369 sauctae
1895 2309 1929 2367 et

221 2437 247 2476 20
274 2406 457 2472 individuae
481 2409 630 2472 trinitatis
654 2409 828 2473 oratorium
853 2415 886 2472 et
909 2409 1001 2472 iuxta
1023 2408 1102 2474 illud
1125 2430 1217 2472 suum
1234 2408 1432 2482 cubiculum余
1455 2427 1520 2470 non
1534 2407 1568 2470 in
1583 2407 1639 2471 illo
1657 2413 1767 2470 tamen
1783 2407 1929 2472 habebat

273 2530 365 2573 suum
388 2511 518 2592 lectum,
542 2512 601 2576 sed
624 2513 682 2577 sub
707 2513 773 2577 alta
794 2533 874 2598 rupe
898 2514 1048 2598 positum,
1071 2514 1127 2578 ubi
1149 2514 1278 2578 iacebat
1299 2533 1402 2598 usque
1426 2511 1569 2576 mediam
1584 2518 1715 2576 noctem
1732 2513 1868 2597 vigilans
1896 2518 1930 2576 et

273 2633 367 2677 orans
390 2636 486 2700 supra
508 2622 636 2700 petram
659 2617 912 2702 omnipotentem
937 2617 1043 2680 deum.
1091 2616 1208 2681 deinde
1240 2615 1352 2681 adibat
1384 2617 1555 2680 ecclesiam
1585 2616 1762 2701 frigescens
1787 2617 1929 2696 nimium,

273 2716 373 2801 frigus
402 2725 473 2782 erat
502 2720 532 2782 ei
562 2719 655 2785 dulce
690 2728 724 2784 et
752 2722 921 2786 tolerabile
953 2727 1087 2807 propter
1118 2721 1224 2786 deum.
1269 2720 1442 2806 pisciculos
1466 2720 1618 2784 trahebat
1641 2742 1660 2784 a
1683 2722 1744 2785 reti
1769 2727 1802 2786 et
1825 2743 1929 2786 ovaa

274 2820 357 2884 nidis
380 2823 556 2906 volucrum,
580 2825 666 2888 unde
690 2825 839 2907 vivebat,
864 2825 950 2910 quod
973 2826 1033 2890 sibi
1056 2825 1236 2889 sufficiebat
1259 2823 1301 2888 ad
1323 2825 1519 2889 alimentum.
1566 2823 1719 2888 visitabat
1740 2845 1822 2888 unus
1845 2824 1926 2887 alte-

222 2959 247 2999 25
275 2945 359 3000 rum余
383 2929 584 2990 remanentia
601 2928 674 2991 talis
691 2927 817 2992 duravit
833 2930 938 3013 spatio
954 2928 1020 2992 Vll
1036 2949 1202 2992 annorum.
1249 2927 1400 2992 Summus
1415 2935 1543 2992 creator
1558 2926 1672 2991 videns
1688 2948 1780 2991 suum
1797 2926 1927 2991 Gildam
1952 2930 1990 2992 10

276 3027 429 3094 dilectum
453 3031 608 3095 famulum
634 3051 744 3095 carere
770 3032 907 3095 durabili
931 3053 1034 3117 aquae
1057 3040 1189 3118 praeter
1211 3038 1319 3117 guttas
1342 3031 1515 3116 pluviales,
1540 3051 1624 3115 quae
1649 3029 1810 3095 cadebant
1833 3051 1930 3116 super

277 3153 357 3196 saxa
388 3139 421 3198 et
448 3156 531 3220 quae
558 3135 780 3199 retinebantur
803 3135 967 3219 cadentia,
996 3137 1073 3200 fecit
1095 3137 1197 3199 rivum
1221 3134 1354 3199 effluere
1387 3133 1427 3198 de
1450 3153 1530 3219 rupe
1555 3135 1639 3216 alta,
1670 3135 1724 3219 qui
1748 3135 1873 3198 effluxit
1897 3139 1930 3197 et

277 3237 379 3301 effluit
402 3245 435 3302 et
457 3238 602 3303 manebit
625 3240 693 3303 siue
718 3239 901 3304 defectione
924 3241 1041 3325 aliqua.
1088 3239 1163 3304 dum
1187 3241 1232 3304 sic
1254 3245 1481 3324 perseveraret
1503 3243 1631 3302 sanctus
1648 3236 1762 3301 Gildas
1786 3238 1929 3301 intentus

279 3340 404 3405 ieiuniis
427 3349 461 3405 et
485 3343 695 3427 orationibus,
718 3351 876 3409 venerunt
891 3346 1015 3431 piratae
1040 3343 1081 3407 de
1097 3345 1207 3409 insulis
1224 3343 1414 3424 Oreadibus,
1439 3343 1494 3428 qui
1509 3342 1695 3406 afflixerunt
1718 3342 1806 3405 illuni
1829 3342 1930 3427 raptis

225 3476 250 3515 続0
277 3444 318 3508 ab
343 3465 382 3508 eo
406 3447 470 3509 suis
492 3445 620 3510 famulis
644 3448 858 3512 servientibus
882 3453 915 3512 at
938 3447 1040 3512 ductis
1061 3449 1095 3512 in
1118 3449 1250 3512 exilium
1275 3469 1346 3510 oum
1371 3447 1480 3533 spoliis
1506 3451 1539 3509 et
1562 3444 1710 3509 omnibus
1734 3464 1811 3508 suae
1834 3443 1929 3507 habi-

281 3548 411 3612 tationis
434 3550 696 3635 supellectilibus.
741 3551 827 3616 unde
852 3554 989 3617 afflictus
1012 3554 1145 3616 nimium
1168 3573 1232 3616 non
1254 3551 1360 3637 potuit
1381 3551 1426 3614 ibi
1449 3549 1585 3635 amplius
1613 3548 1776 3630 habitare,
1799 3549 1930 3633 reliquit

280 3653 432 3736 insulam,
460 3654 605 3719 ascendit
633 3657 814 3720 naviculam
844 3663 878 3721 et
903 3658 1067 3742 ingressus
1097 3663 1146 3720 est
1176 3655 1376 3720 Glastoniam
1408 3674 1479 3716 cunr
1509 3672 1626 3737 magno
1655 3651 1784 3732 dolore,
1807 3650 1931 3715 Melvas

279 3777 357 3840 rege
389 3763 546 3841 regnante
574 3759 606 3822 in
639 3761 762 3824 aestiva
790 3761 933 3845 regione.
985 3765 1152 3846 susceptus
1182 3760 1231 3823 vir
1261 3756 1482 3842 suscipiendus
1509 3777 1529 3819 a
1562 3754 1788 3819 Glastoniense
1812 3755 1931 3818 abbate

280 3860 390 3924 docuit
422 3862 598 3927 confratres
630 3870 663 3928 et
692 3863 835 3928 diversas
865 3864 980 3950 plebes
1008 3866 1169 3928 seminans
1198 3883 1309 3928 semen
1337 3860 1559 3926 seminandum
1581 3859 1730 3924 caelestis
1758 3858 1932 3925 doctrinae.

227 3997 252 4036 ss
279 3964 324 4027 ibi
347 3966 472 4052 scripsit
494 3967 648 4031 historias
673 3966 713 4031 de
736 3968 868 4053 regibus
891 3967 1086 4032 Britanniae.
1132 3967 1311 4048 Glastouia,
1335 3965 1368 4030 id
1392 3971 1442 4029 ast
1464 3965 1550 4029 Urbs
1565 3964 1690 4046 Vitrea,
1714 3984 1797 4048 quae
1814 3983 1932 4028 noman

279 4069 392 4133 sumsit
421 4091 440 4133 a
470 4072 568 4153 vitro,
596 4077 646 4135 est
673 4071 749 4135 urbs
778 4072 907 4136 nominc
937 4073 1084 4158 primitus
1112 4073 1144 4136 iu
1167 4072 1352 4136 Britannico
1380 4090 1538 4134 sermone.
1587 4068 1721 4133 obsessa
1751 4073 1800 4131 est
1823 4067 1932 4151 itaque

279 4173 321 4236 ab
344 4173 463 4237 Arturo
487 4180 624 4259 tyranno
649 4196 722 4240 cum
743 4175 968 4239 innumerabili
991 4174 1196 4240 multitudine
1219 4179 1353 4261 propter
1376 4172 1573 4238 Guenuuvar
1595 4192 1731 4236 uxorem
1757 4191 1847 4234 suam
1863 4171 1933 4234 vio-

280 4277 380 4341 latam
405 4285 438 4341 et
460 4286 587 4365 raptam
611 4302 630 4343 a
652 4279 820 4365 praedicto
843 4281 952 4365 iniquo
976 4301 1054 4365 rege
1079 4287 1112 4344 et
1134 4280 1179 4344 ibi
1203 4278 1331 4343 ductam
1354 4283 1489 4363 propter
1519 4275 1680 4360 refugium
1702 4273 1846 4338 inviolati
1868 4273 1932 4337 loci

279 4388 413 4467 propter
445 4383 637 4447 munitiones
672 4384 853 4448 arundineti
888 4392 922 4448 et
953 4385 1090 4448 fluminis
1119 4405 1157 4448 ac
1187 4383 1315 4470 paludis
1344 4402 1440 4446 eausa
1467 4380 1599 4445 tutelae.
1645 4378 1850 4464 quaesiverat
1873 4397 1932 4441 rex

227 4517 253 4556 40
279 4486 411 4550 rebellis
445 4487 590 4570 reginam
622 4507 682 4572 per
714 4489 806 4552 unius
841 4490 917 4552 anui
946 4488 1114 4569 circulum,
1144 4487 1267 4551 audivit
1295 4485 1427 4551 tandem
1455 4485 1544 4549 illam
1567 4488 1800 4547 remanentem.
1845 4481 1931 4544 illico

280 4590 453 4653 commovit
477 4591 639 4655 exercitus
663 4593 760 4656 totius
786 4591 970 4656 Cornubiae
995 4598 1029 4656 et
1050 4592 1251 4666 Dibneniae余
1281 4596 1431 4676 paratum
1455 4595 1505 4652 est
1528 4588 1649 4652 bellum
1672 4586 1756 4649 inter
1779 4584 1932 4648 inimicos.

280 4693 353 4756 lloo
386 4693 453 4756 viso
487 4693 589 4759 abbas
619 4694 808 4760 Glastoniae
833 4697 1006 4761 comitante
1037 4698 1123 4762 clero
1154 4702 1187 4761 et
1216 4693 1313 4760 Gilda
1343 4692 1498 4780 Sapiente
1528 4691 1658 4754 intravit
1687 4687 1812 4752 medias
1836 4688 1932 4768 acies,
1958 4705 1990 4764 畤

280 4797 439 4861 consuluit
467 4796 592 4862 Melvas
621 4799 690 4882 regi
719 4820 776 4862 suo
804 4800 953 4884 pacifice,
978 4807 1012 4863 ut
1034 4799 1188 4864 redderet
1210 4803 1346 4883 raptam.
1393 4794 1521 4859 reddita
1550 4813 1628 4878 crgo
1652 4791 1727 4872 fuit,
1753 4811 1835 4875 quae
1859 4790 1933 4854 red-

281 4900 388 4965 denda
411 4901 532 4984 fuerat,
555 4922 615 4987 per
638 4923 753 4988 pacem
781 4911 814 4968 et
836 4904 1098 4969 benivolentiam.
1143 4904 1193 4968 his
1224 4901 1365 4988 peractis
1389 4899 1452 4964 duo
1476 4918 1571 4982 reges
1594 4896 1702 4981 largiti
1726 4899 1799 4958 suut
1823 4893 1934 4957 abbati

230 5033 254 5071 rs
283 5007 386 5069 multa
408 5006 579 5088 territoria,
603 5007 658 5091 qui
681 5009 903 5073 veneruntad
929 5011 1084 5094 templum
1109 5014 1239 5072 sanetae
1256 5006 1380 5070 Mariae
1403 5002 1595 5067 visitandum
1620 5007 1653 5064 ct
1677 4998 1832 5062 orandum
1856 5019 1933 5061 eon-

389 5199 399 5248 l
420 5199 461 5249 ist.
480 5199 529 5248 eiu.
546 5197 569 5248 0
686 5197 703 5250 6
721 5199 828 5266 galliam
953 5195 1119 5266 quicumque]
1139 5198 1200 5263 quid
1360 5193 1377 5245 8
1396 5192 1615 5246 naucarbonausis
1629 5189 1656 5254 0,
1682 5189 1900 5242 naucarbonensis

282 5283 313 5336 11
333 5293 490 5352 compertum
645 5283 678 5336 12
694 5287 851 5338 uualeusens
1003 5284 1036 5336 13
1053 5286 1079 5336 ni
1098 5285 1266 5336 confirmatur
1278 5281 1304 5332 B
1418 5279 1450 5332 15
1467 5277 1502 5345 st]
1521 5279 1547 5329 id
1565 5285 1605 5329 est
1752 5275 1784 5327 19
1803 5277 1899 5327 uallum
1912 5276 1937 5326 B

280 5369 315 5422 20
333 5374 400 5424 iusta
412 5371 437 5422 B
558 5369 592 5422 26
609 5381 712 5439 proptor
879 5371 913 5424 27
932 5369 1004 5438 saxa]
1023 5379 1092 5424 tacta
1109 5387 1175 5423 saxa
1189 5369 1228 5420 0
1327 5363 1454 5434 cadeutia]
1467 5365 1518 5417 Bu
1645 5361 1677 5415 31
1697 5363 1808 5430 amplius
1825 5363 1862 5414 ibi
1877 5359 1938 5428 )

280 5457 314 5510 33
332 5459 504 5524 glestoniense
518 5457 541 5508 C
596 5461 714 5524 fortasse
731 5460 909 5526 suspiciendus
996 5456 1030 5510 35
1048 5459 1084 5510 ibi
1102 5475 1150 5509 cus.
1167 5457 1205 5507 0
1291 5452 1325 5506 36
1343 5451 1392 5522 est]
1411 5463 1438 5507 at
1448 5452 1500 5505 Bo
1549 5449 1657 5504 urbisO
1740 5445 1773 5500 37
1791 5449 1905 5500 arthurio
1920 5448 1943 5498 0

315 5546 470 5610 guannimar
484 5545 507 5596 0
606 5542 637 5596 41
657 5547 799 5598 exercitum
813 5546 835 5597 0
901 5547 1037 5598 dibucuiao
1052 5545 1077 5595 B
