4538 6316
1055 323 1333 380 ADDl'l'AllllN'l'A.

469 513 493 556 et
510 512 562 556 tres
579 503 691 555 minores
703 511 842 569 potestates
859 503 905 554 aad
923 519 950 554 ae
967 509 992 554 et
1007 519 1089 553 ussum
1106 501 1252 568 episcopm
1263 501 1378 567 aliosque
1390 499 1502 552 minores
1514 498 1599 551 ἀισιιιι
1610 498 1715 564 dedda,
1727 499 1765 551 cd
1775 515 1885 566 pisorum
1895 499 2023 552 iudicium

469 605 556 640 onmes
573 606 667 641 cacam
684 589 814 642 civimtm
830 591 982 655 resecuta
1000 599 1023 641 at
1040 590 1062 640 ai
1080 605 1175 642 oouaoe
1194 588 1314 656 difficiles
1332 588 1461 651 ardenter,
1478 587 1515 638 cd
1532 586 1646 638 omnium
1663 586 1786 638 ιἰιίἱσίιιιιι
1804 587 1890 640 &aas
1906 589 2023 641 &adicem

468 677 622 742 ressrmdoe
639 685 705 728 eone.
742 675 931 744 Hieronymus.-
944 676 1082 742 prooemia
1099 676 1361 740 cumiliacensem
1379 675 1444 742 oipat
1460 681 1568 726 stouras
1580 673 1735 726 domimus.
1770 675 1866 727 ficticia
1883 675 1948 728 baec
1967 679 2022 740 (ex-

467 770 576 814 tremum
593 764 680 815 locum
698 764 780 815 editor
797 763 946 816 observavit
968 765 1134 830 aliquatenus
1158 763 1269 829 pendere
1292 778 1325 813 ex
1348 762 1405 812 loco
1427 760 1580 828 Hieronymi
1598 777 1637 827 ep.
1649 757 1707 826 125,
1718 758 1764 813 15:
1786 761 1929 827 imperator
1944 779 2023 826 ιιιιιιι,

467 849 546 902 iodea>
562 867 630 901 unua
643 851 803 918 menindus)
822 857 910 902 utrum
928 852 950 902 ie
968 852 1013 916 qui
1031 851 1135 918 scripsit
1153 851 1300 918 catalogum
1318 849 1509 916 provinciarum
1531 864 1564 898 ex
1587 847 1687 916 sylloge
1704 847 1847 900 Hiberniae
1864 850 2023 916 excerpserit

467 952 502 986 an
519 953 534 988 e
552 939 679 989 contrario
696 938 811 1005 syllogae
830 938 979 1005 compilator
996 953 1028 990 ea
1045 937 1174 989 invenerit
1191 937 1219 988 iu
1236 937 1302 988 libro
1320 937 1446 988 Vaticano
1464 934 1555 998 simili,
1573 934 1660 986 adhuc
1677 935 1805 987 incertum
1823 943 1875 998 est,
1894 937 2022 988 incertum

467 1023 529 1074 itam
551 1024 712 1077 definitiones
731 1026 780 1076 has
805 1034 831 1076 et
850 1025 1016 1078 auctoritates
1038 1025 1084 1090 qui
1102 1023 1179 1076 finxit
1196 1025 1259 1089 quid
1277 1030 1381 1075 secutus
1398 1023 1445 1086 sit;
1467 1023 1517 1073 boc
1537 1021 1588 1072 iam
1606 1019 1766 1087 intellegitur
1782 1021 1898 1074 adbibita
1914 1039 1947 1075 ea
1964 1040 2023 1074 ease

467 1110 502 1161 ab
519 1109 617 1162 Isidoro
635 1112 786 1177 subditicio,
809 1112 870 1163 dcta
890 1117 978 1163 antem
1001 1127 1057 1163 esse
1074 1129 1127 1162 non
1144 1112 1177 1163 ab
1195 1111 1264 1177 ipso,
1282 1111 1327 1162 sed
1345 1117 1405 1161 ante
1422 1109 1555 1161 saeculum
1566 1109 1617 1158 Vll
1633 1113 1790 1172 extremm,
1808 1126 1861 1174 qno
1878 1112 2023 1179 composita

468 1203 508 1248 ast
529 1196 629 1264 sylloge
651 1199 805 1250 Hiberniae:
827 1198 855 1249 id
878 1200 947 1264 quod
973 1199 1076 1265 egregie
1100 1197 1222 1248 convenit
1245 1212 1304 1248 cum
1327 1197 1359 1248 iia
1381 1211 1447 1263 quae
1470 1211 1549 1263 snpra
1570 1195 1678 1261 exposui
1703 1195 1735 1247 de
1758 1197 1877 1263 catalogo
1894 1199 2023 1264 provinci-

468 1300 542 1335 arum
561 1286 657 1337 codicis
674 1287 803 1338 Vaticani.

366 1389 401 1440 ad
417 1405 442 1455 p.
455 1385 515 1440 529.
549 1389 687 1441 codicibus
704 1390 789 1442 ductis
807 1407 840 1442 ax
856 1389 924 1440 libro
935 1389 1057 1456 Spirensi,
1075 1389 1120 1440 sed
1138 1387 1287 1440 carentibus
1299 1389 1394 1440 Notitia
1406 1387 1558 1446 Galliarum,
1576 1385 1709 1439 addendus
1726 1394 1766 1440 est
1778 1389 1941 1444 Florentinua
1958 1395 2023 1448 bibl.

470 1475 593 1526 Laurent
617 1477 769 1528 Gellianus
790 1478 855 1544 plut
868 1473 902 1528 89
925 1493 982 1543 sup.
995 1473 1030 1526 68
1053 1475 1134 1526 chart.
1157 1491 1224 1526 saec.
1237 1475 1286 1526 XV
1303 1475 1447 1541 descriptus
1468 1474 1537 1540 apud
1553 1474 1722 1540 Bandinium,
1740 1474 1762 1526 ia
1779 1492 1812 1527 ex
1830 1494 1882 1543 qno
1900 1489 2023 1550 excerpta

469 1562 620 1614 Dicniliana
638 1563 718 1615 edidit
734 1564 860 1629 Targioni
878 1563 993 1614 Tonaetti
1010 1561 1096 1628 oiaypa'
1112 1561 1185 1613 dalla
1208 1561 1325 1612 lbaoooo
1343 1561 1394 1612 vol.
1407 1558 1437 1612 9¹
1455 1578 1480 1628 p.
1495 1559 1544 1612 165
1554 1575 1608 1626 seq.

366 1663 399 1715 ad
417 1681 443 1731 p.
455 1663 514 1716 531.
550 1667 747 1734 Exemplaribus
770 1668 855 1719 ductis
878 1684 912 1719 ex
933 1666 999 1718 libro
1023 1667 1137 1733 Spirensi
1161 1666 1320 1718 habentibus
1342 1665 1464 1717 Notitiam
1487 1663 1631 1716 Galliarum
1647 1664 1793 1718 addendum
1812 1675 1852 1720 est
1870 1671 2023 1727 Matriteuse

470 1750 533 1804 bibl.
550 1760 605 1804 nat.
623 1751 710 1818 0129
727 1755 883 1822 descriptum
901 1753 1039 1821 diligenter
1057 1769 1074 1803 a
1092 1753 1203 1804 Knustio
1221 1751 1319 1804 Amiso
1336 1748 1362 1816 8,
1372 1748 1432 1814 791,
1450 1751 1503 1816 ssd,
1522 1757 1552 1802 ut
1568 1751 1702 1804 certiorem
1720 1767 1761 1803 me
1779 1754 1840 1805 iecit
1857 1755 2024 1824 Rornaysiua,

469 1839 503 1889 ab
519 1855 542 1890 a.
561 1839 620 1891 inde
639 1837 706 1892 1881
724 1841 752 1891 in
769 1841 927 1892 bibliotheca
945 1856 974 1892 ea
993 1841 1092 1890 stoebe
1109 1839 1263 1905 quaesitum.

366 1939 398 1990 ad
416 1957 441 2006 p.
454 1937 514 1996 545.
549 1943 623 1993 Addo
645 1951 767 2012 excerpta
790 1943 887 1996 similia
909 1945 971 1996 bina
993 1943 1026 1994 ad
1047 1959 1101 1994 rem
1125 1959 1216 2011 parum
1234 1941 1322 2005 utilia,
1340 1941 1385 1994 sed
1403 1941 1479 1992 utilia
1495 1940 1529 1992 ad
1547 1939 1665 1992 codicum
1682 1957 1780 2008 genera
1797 1950 1823 1995 at
1839 1961 1923 1998 nexus
1940 1947 2024 2000 deter-

470 2027 600 2079 minanda

1188 2133 1208 2182 L

470 2237 599 2287 Montium
616 2243 748 2304 portarum
765 2238 866 2289 viarum
886 2238 958 2289 urbis
974 2239 1072 2289 Romae
1089 2251 1211 2288 recensus
1229 2236 1274 2302 qui
1295 2235 1412 2300 sequitur
1430 2251 1482 2286 non
1499 2235 1626 2301 reperitur
1642 2236 1693 2287 nisi
1710 2237 1737 2287 in
1756 2239 1912 2307 spographis
1929 2242 2025 2294 codicia

367 2321 494 2388 Spirensis
512 2322 582 2388 (vide
599 2340 624 2390 p.
636 2322 689 2376 528
707 2341 730 2376 o.
744 2321 778 2389 l),
802 2331 922 2391 sumptus
939 2325 992 2376 iere
1011 2340 1043 2376 ex
1060 2324 1130 2374 Festi
1153 2323 1266 2390 epitoma
1282 2322 1401 2374 Paulina
1438 2331 1558 2389 excerpta
1579 2321 1639 2373 inde
1659 2323 1739 2375 edidit
1755 2324 1929 2393 Roeekingiua
1952 2329 2026 2393 (siber

367 2407 409 2458 die
427 2407 526 2460 Notitiae
547 2409 617 2477 dipsa.
636 2429 662 2479 p.
675 2409 733 2475 25),
761 2412 848 2464 omnia
868 2411 971 2462 Urlichs
995 2411 1094 2474 (Codex
1115 2410 1188 2462 urbis
1209 2411 1305 2460 Rerum
1327 2408 1529 2476 topograpbioua
1544 2408 1708 2475 wirceburgi
1730 2425 1755 2461 a.
1770 2407 1848 2476 1871)
1867 2429 1891 2478 p.
1903 2411 1950 2478 53;
1976 2432 2025 2468 nos

367 2510 471 2561 quoque
488 2496 618 2563 integrum
636 2496 727 2549 damna
744 2499 778 2550 ad
796 2499 851 2550 cod.
863 2500 966 2550 Monac.
980 2493 1063 2548 10291
1082 2494 1152 2563 (vide
1169 2513 1195 2563 p.
1204 2493 1266 2560 531)
1283 2497 1328 2558 ita,
1347 2504 1460 2561 atquae
1478 2511 1511 2546 ex
1527 2495 1604 2548 Festo
1622 2496 1739 2558 veniunt,
1757 2506 1933 2566 proponantur
1949 2503 2025 2553 uncis

367 2583 550 2649 comprehensa
567 2590 594 2635 et
610 2584 738 2652 adscripta
755 2585 853 2652 pagina
870 2584 989 2638 editionis
1006 2583 1202 2636 Muslleriauae.

438 2803 453 2857 1
473 2722 914 2873 [Aventillrlamrllllrllblrltrllollrllem
931 2809 1015 2862 dictus
1033 2809 1101 2876 qnod
1114 2823 1161 2860 rex
1173 2807 1334 2859 Albanorum
1345 2807 1491 2860 Aventinus
1509 2807 1545 2858 ibi
1563 2807 1597 2859 sit
1614 2806 1733 2874 sepultus
1750 2814 1777 2860 et
1793 2809 1862 2862 bello
1881 2811 2021 2882 extinctus]

508 2900 543 2944 .1
571 2933 578 2946 .

436 2890 589 3046 llllaslllss
615 2999 689 3033 mons
714 2982 799 3036 dictus
823 2999 841 3034 a
865 2983 926 3036 Cels
947 2983 1059 3050 quodam
1079 2998 1113 3036 ex
1134 2981 1259 3033 Hetrnria
1281 2981 1327 3046 qni
1347 2979 1458 3033 Romulo
1481 2979 1609 3033 auxilium
1632 2981 1757 3034 adversus
1780 2983 1877 3036 Sabaea
1895 2983 2025 3054 praebuit]

437 3149 454 3204 3
472 3064 618 3219 gaillrllus
635 3173 709 3208 mona
726 3157 830 3221 Rornae,
848 3156 918 3222 qnod
936 3155 972 3207 ibi
989 3152 1085 3221 Pallas]
1103 3155 1173 3206 filius
1191 3153 1307 3205 Euandri
1325 3149 1454 3221 [sepultus
1471 3149 1514 3220 sit]
1533 3151 1572 3218 (p.
1585 3151 1654 3219 990).

437 3235 455 3288 4
473 3237 627 3301 [Quirinalis
644 3258 718 3294 mona
736 3259 753 3295 a
769 3243 866 3318 templo
883 3243 998 3309 Quirini,
1023 3242 1048 3294 id
1071 3248 1110 3294 est
1127 3240 1230 3292 Romuli
1247 3239 1395 3308 appellatus
1418 3240 1472 3291 sive
1490 3239 1560 3306 quod
1578 3239 1615 3291 ibi
1627 3236 1692 3308 [aio]
1710 3241 1803 3304 Quires
1827 3243 1854 3295 id
1873 3251 1912 3296 est
1929 3245 2027 3298 Sabaos

473 3323 589 3394 baberet]
610 3328 652 3393 (p.
666 3329 732 3394 266).

438 3407 455 3459 5
474 3407 620 3476 [viminalis
638 3431 712 3467 mons
730 3432 747 3468 a
765 3415 841 3483 sylva
858 3415 984 3467 viminum
1001 3410 1156 3482 appellatus]
1175 3411 1216 3479 (p.
1228 3411 1298 3477 377).

438 3495 455 3549 6
473 3499 600 3566 Tarpeius
619 3519 692 3560 mons
709 3503 862 3571 appellatus,
881 3504 950 3570 quod
968 3501 1005 3554 ibi
1022 3501 1135 3568 Tarpeia
1151 3501 1226 3567 virgo
1243 3500 1337 3553 obruta
1353 3500 1388 3552 sit
1404 3499 1503 3567 clypeis
1520 3499 1684 3552 Sabinorum.

439 3580 455 3633 l
473 3580 628 3740 [ἇιιὲιῶιζιιι
640 3605 714 3641 mona
730 3591 884 3657 appellatus,
902 3589 972 3656 quod
984 3588 1099 3657 expulsis
1111 3583 1177 3655 [aie]
1195 3587 1330 3640 Hetruscis
1341 3588 1474 3640 Βοιιιιιιιιι
1492 3587 1604 3655 populus
1622 3593 1711 3639 vatum
1728 3603 1851 3656 responso
1868 3590 1966 3656 potitus
1983 3587 2028 3656 ait]

577 3797 618 3850 De
634 3799 715 3866 portis
732 3800 837 3852 Romae.

440 3879 454 3931 1
475 3877 622 3948 [Conlatino
639 3892 715 3952 porta
730 3903 748 3938 a
764 3884 884 3939 conlatis
900 3884 993 3953 oppido
1010 3885 1107 3936 Rornae
1124 3883 1211 3936 vicino
1229 3878 1369 3950 appellata]
1387 3899 1417 3934 so
1435 3882 1505 3949 qnod
1522 3882 1559 3934 ibi
1575 3897 1617 3934 ras
1634 3883 1677 3935 vel
1695 3899 1756 3951 opes
1767 3885 1879 3939 aliarum
1891 3887 2026 3940 civitatum

474 3971 578 4022 fererant
594 3971 704 4024 collatae
723 3971 764 4038 (p.
776 3969 828 4041 37).

439 4053 457 4108 2
476 4053 619 4124 [Catularia
636 4066 709 4126 porta
721 4062 817 4113 Romae
836 4059 906 4111 dicta
922 4065 969 4122 est,
987 4060 1050 4125 quia
1067 4076 1120 4111 non
1137 4060 1215 4126 longe
1231 4059 1267 4110 ab
1284 4073 1317 4110 ea
1333 4058 1367 4110 ad
1384 4057 1540 4124 placandum
1557 4057 1692 4110 caniculae
1710 4059 1791 4126 sydus
1808 4061 1928 4128 frugibus
1945 4061 2030 4114 inimi-

475 4159 535 4195 cum
553 4147 626 4197 rufae
644 4162 721 4198 censs
739 4147 941 4198 immolabantur
958 4152 984 4198 et
1001 4147 1090 4212 fruges
1107 4147 1261 4198 fluescentes
1274 4140 1340 4211 [aie]
1359 4145 1391 4196 ad
1410 4146 1585 4197 maturitatem
1602 4143 1812 4213 perducerentur]
1832 4149 1872 4214 (p.
1885 4147 1936 4214 45).

440 4225 458 4280 3
476 4230 581 4298 Capena
596 4239 671 4300 porta
686 4240 764 4286 antea
780 4233 895 4286 Camena
912 4239 1006 4284 vocata
1023 4247 1040 4284 a
1057 4233 1175 4299 pmximo
1192 4232 1253 4283 lnoo
1270 4231 1452 4283 Camenarum.
1488 4230 1556 4284 dicta
1573 4237 1613 4283 est
1630 4237 1717 4284 autem
1736 4238 1825 4299 postea
1842 4233 1955 4301 Capena,
1974 4234 2030 4286 sive

475 4316 544 4381 quod
562 4319 685 4371 Romania
703 4320 771 4372 bello
788 4319 966 4372 laborantibus
984 4318 1082 4370 auxilio
1101 4319 1233 4369 venientes
1251 4333 1308 4370 eam
1325 4319 1488 4370 intraverunt
1510 4318 1566 4369 sive
1588 4318 1657 4385 qnod
1674 4319 1763 4371 eadem
1781 4320 1895 4388 Capuam
1914 4328 2029 4374 exeatur.

441 4397 459 4451 4
475 4403 636 4470 Capititolini
647 4401 714 4473 [aio]
730 4413 804 4474 porta
821 4406 930 4458 vocitari
954 4412 1045 4473 coepta
1063 4411 1102 4456 est
1127 4421 1143 4456 a
1160 4404 1300 4472 Capitolio,
1328 4419 1397 4470 qnae
1423 4413 1502 4457 antea
1519 4404 1630 4471 Tarpeia
1650 4404 1794 4462 dicebatur.
1832 4413 1873 4458 eat
1897 4413 1984 4460 antem
2002 4409 2030 4460 in

474 4488 531 4541 loeo
553 4491 618 4543 adso
641 4493 788 4560 praecipiti,
811 4500 842 4546 ut
865 4510 918 4546 non
935 4492 1016 4560 possit
1033 4507 1065 4544 ea
1083 4492 1185 4544 intrari:
1209 4491 1279 4557 quod
1296 4489 1367 4543 Galli
1391 4492 1505 4545 Senones
1522 4491 1675 4560 pepigerant
1693 4493 1850 4560 Capitolium
1868 4495 2029 4547 obsidionem

475 4576 624 4640 liberantes,
641 4586 672 4631 ut
688 4595 721 4632 ea
738 4597 839 4648 semper
855 4587 962 4648 pateret

440 4658 669 4727 blitudnsoolona
691 4675 766 4734 porta
788 4668 857 4720 diota
880 4665 937 4734 est]
961 4668 1031 4733 quod
1053 4667 1085 4719 ds
1107 4683 1139 4719 aa
1163 4666 1196 4717 ad
1218 4681 1264 4717 rua
1281 4663 1418 4716 colendum
1435 4665 1548 4730 exirent,
1567 4665 1609 4716 vel
1628 4662 1710 4733 [qnod
1726 4667 1798 4719 rudis
1816 4673 1842 4719 et
1859 4666 1979 4736 impolita
1995 4667 2030 4720 eit

475 4750 573 4816 relicta,
592 4753 634 4804 vel
652 4755 715 4819 quia
731 4755 796 4806 rudo
814 4755 857 4805 vel
873 4769 933 4806 aare
950 4755 1029 4806 fuerit
1046 4749 1143 4820 vincta]
1164 4755 1202 4818 (p.
1216 4751 1283 4816 116).

440 4830 629 4902 θίΡοηιὶιιιΗι
646 4847 720 4907 porta
736 4857 754 4892 a
772 4841 954 4901 lontinnlibus‚
972 4842 1021 4892 boc
1043 4847 1083 4893 est
1104 4841 1177 4892 iestis
1198 4839 1309 4891 sontium
1330 4837 1469 4905 appellata.
1505 4839 1572 4890 festa
1589 4840 1658 4892 euim
1675 4840 1786 4892 fontium
1804 4841 1941 4894 fontinella
1959 4841 2028 4893 dice·

476 4921 582 4992 bantur]
602 4924 704 4992 (p.8d).

441 5006 458 5060 7
477 5005 660 5076 [Flumentana
677 5019 750 5080 porta
767 5021 807 5065 est
822 5014 960 5081 appellata,
977 5015 1048 5081 quod
1065 5014 1176 5081 Tyberia
1193 5014 1287 5080 partim
1305 5029 1337 5066 ea
1355 5015 1462 5065 duxisse
1480 5009 1623 5079 affirmant]
1644 5013 1685 5079 (p.
1699 5013 1755 5079 89).

441 5092 458 5146 8
478 5092 641 5162 [Lavernnlia
658 5108 732 5166 porta
749 5117 765 5151 a
782 5101 977 5153 lavernionibus
996 5101 1073 5165 dicta,
1091 5101 1154 5168 quis
1171 5102 1199 5151 in
1217 5101 1273 5152 eiua
1290 5101 1351 5152 luco
1370 5100 1484 5152 obscuro
1502 5101 1573 5151 furta
1591 5096 1697 5168 fiebant]
1718 5099 1759 5167 (p.
1773 5101 1838 5165 117).

441 5179 458 5232 9
477 5179 623 5251 [Minuacia
642 5195 715 5255 porta
733 5188 802 5240 diota
818 5195 858 5240 est
875 5189 908 5240 ab
927 5204 975 5240 ara
992 5188 1110 5255 proxima
1126 5188 1248 5250 Minnnti,
1266 5203 1343 5255 quem
1361 5187 1438 5240 deum
1457 5184 1594 5255 putabant]
1615 5187 1655 5253 (p.
1669 5189 1738 5250 122).

426 5266 459 5322 10
477 5267 623 5340 [Mogionia
640 5282 715 5342 porta
733 5275 802 5326 dicta
819 5281 858 5327 est
876 5291 893 5326 a
909 5276 1001 5344 bingio
1019 5276 1138 5343 quodam,
1156 5292 1223 5342 quae
1242 5277 1324 5328 eidem
1341 5277 1454 5328 tuendae
1471 5271 1595 5342 praefuit]
1615 5273 1656 5340 (p.
1667 5272 1738 5343 144).

425 5357 456 5410 11
477 5356 599 5426 [Minutia
617 5369 689 5429 porta
706 5363 837 5430 appellata
854 5370 901 5424 eat,
920 5364 990 5429 quod
1008 5360 1179 5429 saoollo[aic]
1197 5363 1301 5416 Minutii
1320 5365 1438 5430 proxima
1455 5359 1532 5428 esset]
1552 5361 1594 5428 (p.
1607 5359 1676 5426 147).

425 5441 458 5495 19
476 5441 596 5512 [Navalis
613 5455 686 5515 porta
702 5464 720 5500 a
736 5449 833 5500 vicinia
850 5449 985 5502 navalium
1002 5447 1081 5517 dicta]
1102 5449 1144 5516 (p.
1157 5448 1221 5516 179).

425 5528 458 5582 13
475 5529 611 5599 [haniaria
628 5543 703 5601 porta
720 5544 761 5588 est
777 5535 845 5587 dicta
862 5543 966 5604 propter
984 5537 1074 5602 alique
1091 5537 1194 5603 piacula
1212 5553 1278 5602 quae
1296 5536 1391 5588 ibidem
1408 5531 1517 5601 fiebant]
1536 5533 1578 5600 (p.
1591 5533 1660 5600 212).

425 5615 459 5671 14
477 5618 611 5686 [Pandana
627 5627 702 5687 porta
718 5629 758 5676 est
774 5623 850 5686 diota,
869 5624 938 5692 quod
956 5640 1056 5692 semper
1076 5625 1169 5691 panda,
1187 5624 1214 5676 id
1231 5630 1271 5676 est
1288 5629 1380 5691 aperta
1396 5619 1474 5690 esset]
1495 5621 1535 5689 (p.
1551 5623 1624 5684 990).
