4554 6316
1013 373 1207 430 cneorum.
1864 381 1927 442 325

382 543 444 611 boc
466 548 609 612 seculum
633 548 699 612 vita
722 549 903 613 mortalium
920 547 1149 628 turbulentum,
1168 547 1254 634 quod
1275 549 1443 635 sepissime
1459 549 1491 611 in
1507 548 1670 635 scripturis
1686 533 1783 614 maris
1798 551 1927 614 nomine

380 649 545 736 figuratur.
590 653 646 717 ubi
668 659 778 717 autem
798 653 901 738 ipsum
920 653 1057 717 extremi
1081 660 1114 718 et
1136 653 1325 717 universalis
1341 652 1449 718 iudicii
1474 653 1515 716 sit
1537 651 1708 718 discrimen
1731 653 1926 735 habendum,

299 757 361 816 007
380 754 465 819 inter
488 756 606 820 multos
629 776 728 842 sepse
752 757 904 841 queritur.
950 755 1085 820 Constat
1107 776 1262 842 namque,
1285 758 1360 841 quia
1394 777 1466 820 cum
1492 755 1710 822 descendente
1734 756 1862 822 domino
1886 757 1929 822 ad

380 857 532 924 iudicium
554 860 587 924 in
608 861 674 925 ictu
698 861 781 926 oculi
804 861 900 924 suerit
923 859 1064 924 omnium
1087 860 1278 924 resurrectio
1303 859 1470 924 celebrata
1494 866 1702 942 mortuorum,
1726 861 1828 926 sancti
1851 882 1926 925 con-

380 961 487 1026 festim
514 964 679 1049 rapiantur
706 964 833 1028 obviam
862 963 907 1027 illi
934 963 966 1027 in
996 983 1082 1027 aera.
1133 963 1194 1028 hoc
1217 963 1336 1027 etenim
1367 963 1567 1048 intellegitur
1588 965 1753 1050 apostolus
1775 964 1927 1044 indicare,

380 1087 452 1131 eum
480 1068 539 1132 ait:
576 1070 726 1154 quoniam
757 1071 827 1155 ipse
864 1067 1010 1132 dominus
1044 1068 1076 1132 in
1104 1069 1192 1132 iussu
1221 1075 1255 1132 et
1282 1067 1314 1132 in
1338 1088 1417 1132 voce
1445 1068 1631 1153 archangeli
1655 1076 1688 1133 et
1717 1071 1749 1134 in
1772 1069 1851 1134 tuba
1874 1068 1927 1132 dci

343 1195 354 1234 5
383 1170 559 1236 descendet
589 1171 630 1236 de
660 1174 751 1237 caelo
782 1179 815 1238 et
845 1172 962 1236 mortui
992 1173 1045 1257 qui
1075 1172 1108 1235 in
1131 1170 1259 1235 Christo
1283 1177 1374 1251 sunt,
1403 1179 1573 1256 resurgent
1595 1173 1703 1259 primi:
1729 1171 1845 1237 deinde
1869 1193 1927 1237 nos

380 1276 434 1361 qui
457 1277 602 1357 vivimus,
626 1277 680 1361 qui
702 1277 919 1362 relinquimur,
943 1276 1037 1339 simul
1060 1275 1223 1360 rapiemur
1245 1295 1318 1338 cum
1340 1274 1403 1338 illis
1425 1276 1458 1338 in
1480 1275 1619 1340 nubibus
1643 1276 1772 1341 obviam
1795 1276 1925 1341 domino

380 1381 413 1444 in
436 1401 522 1446 aera.
567 1387 671 1445 utrum
696 1387 805 1445 autem
829 1387 862 1444 et
885 1380 1015 1467 reprobi
1045 1387 1120 1444 tunc
1148 1379 1315 1444 sublimius
1337 1400 1357 1443 a
1381 1385 1467 1443 terra
1495 1379 1643 1444 leventur
1672 1380 1800 1444 obviam
1832 1378 1928 1445 iudici

380 1493 526 1566 venturo,
551 1507 592 1550 an
614 1485 737 1550 meritis
760 1489 967 1570 peccatorum
996 1483 1041 1548 ita
1065 1489 1330 1569 praegraventur,
1353 1489 1388 1546 55
1418 1484 1565 1568 quamvis
1587 1484 1769 1548 inmortalia
1793 1504 1928 1570 corpora

379 1589 538 1654 habentes
562 1589 604 1654 ad
627 1590 742 1654 altiora
764 1596 928 1675 nequeant
951 1588 1072 1652 elevari
1097 1595 1130 1652 et
1152 1585 1357 1674 praesidente
1383 1587 1653 1652 adiudicandum
1679 1585 1810 1652 domiuo
1827 1588 1927 1652 sancti

329 1718 353 1756 rc
382 1694 414 1762 in
444 1691 573 1757 sublimi
601 1714 620 1757 a
651 1691 773 1772 dextris
803 1692 886 1769 eius,
921 1692 981 1777 ipsi
1010 1697 1120 1755 autem
1151 1692 1184 1755 in
1216 1691 1422 1755 inferioribus
1449 1689 1607 1755 adsistant
1635 1691 1828 1771 asinistris,
1853 1696 1927 1756 tunc

301 1800 363 1861 008
382 1796 693 1883 potius-apparebit.
739 1795 773 1859 Si
796 1815 873 1858 vero
897 1801 972 1858 tune
994 1795 1077 1880 ignis
1099 1795 1154 1859 ille
1177 1795 1337 1859 maximus
1361 1801 1393 1858 et
1416 1795 1589 1859 altissimus
1611 1795 1797 1859 universam
1821 1801 1926 1859 terrae

379 1900 580 1986 superficiem
615 1900 720 1986 operit
753 1905 786 1963 et
817 1899 996 1963 resuscitati
1025 1920 1044 1962 5
1072 1899 1205 1962 mortuis
1234 1899 1343 1963 iniusti
1372 1905 1536 1984 nequeunt
1564 1900 1598 1962 in
1631 1899 1767 1964 sublime
1791 1899 1925 1985 raptari:

380 2009 506 2069 constat
528 2024 585 2068 eos
609 2009 721 2089 utpote
744 2003 776 2066 in
799 2008 885 2067 terra
908 2003 1030 2089 positos
1052 2002 1119 2087 igni
1142 2000 1357 2066 circumdatos
1373 2001 1486 2066 iudicis
1503 2010 1696 2089 exspectare
1714 2003 1925 2067 seutentiam:

379 2108 438 2172 sed
464 2128 505 2171 55
534 2108 589 2171 illo
619 2113 751 2172 urantur
778 2107 833 2192 qui
862 2127 926 2170 non
953 2126 1012 2192 per
1040 2107 1129 2170 illum
1153 2104 1352 2191 castigandi,
1378 2105 1437 2169 sed
1459 2113 1593 2170 aeterno
1617 2108 1724 2193 potius
1755 2111 1828 2170 sunt
1851 2107 1927 2190 igne

343 2237 354 2276 5
383 2211 572 2292 damnandi,
602 2211 672 2298 quis
700 2210 922 2297 praeiudicare
953 2210 1094 2274 audeat?
1139 2231 1279 2296 namque
1314 2211 1439 2296 aliquos
1474 2211 1650 2275 electorum
1678 2232 1717 2276 eo
1740 2211 1878 2298 purgari
1908 2230 1928 2272 5

380 2315 554 2381 levioribus
578 2317 770 2403 quibusdam
793 2316 940 2381 admissis
964 2323 997 2380 et
1020 2316 1135 2380 beatus
1158 2299 1360 2401 Augustinus
1389 2317 1423 2380 in
1454 2316 1536 2381 libro
1568 2315 1609 2383 de
1633 2317 1763 2381 civitate
1787 2315 1840 2380 dei
1862 2314 1928 2378 XX

382 2442 424 2485 ex
446 2422 677 2507 prophetarum
702 2420 794 2486 dictis
817 2421 986 2506 intellegit,
1011 2427 1044 2486 et
1066 2427 1194 2485 sanctus
1217 2441 1304 2506 papa
1327 2420 1504 2505 Gregorius
1533 2421 1567 2484 iu
1595 2421 1743 2485 homeliis
1766 2419 1927 2504 euangelii

380 2545 547 2612 exponens
569 2525 649 2590 illud
671 2525 926 2612 psahnographi:
955 2526 1039 2610 ignis
1060 2526 1094 2590 in
1117 2531 1292 2613 conspectu
1324 2525 1392 2590 eius
1415 2524 1557 2605 ardebit,
1586 2531 1620 2589 et
1646 2525 1679 2588 in
1703 2525 1835 2589 circuitu
1859 2524 1927 2587 eius

381 2634 557 2715 tempestas
580 2629 700 2694 valida:
724 2629 954 2695 districtionem
983 2630 1122 2717 quippe,
1153 2630 1271 2714 inquit,
1304 2634 1393 2693 55555
1417 2629 1557 2694 iustitiae
1581 2634 1758 2715 tempestas
1781 2628 1927 2713 ignisque

297 2736 359 2797 609
379 2733 580 2815 comitantur,
605 2735 679 2819 quia
702 2740 880 2821 tempestas
904 2734 1079 2816 examinat,
1103 2755 1184 2820 quos
1206 2734 1289 2819 ignis
1313 2739 1439 2798 exurat.
1486 2733 1571 2798 Satis
1594 2739 1704 2796 autem
1730 2733 1851 2796 clarum
1868 2737 1927 2810 cst,

378 2837 453 2924 quia
482 2839 581 2924 raptis
609 2838 651 2904 ad
679 2859 794 2905 vocem
820 2839 918 2903 tubae
950 2837 1078 2902 obviam
1107 2835 1236 2902 domino
1265 2837 1297 2901 in
1327 2857 1404 2902 aera
1433 2837 1587 2923 perfectis
1618 2836 1719 2901 servis
1741 2836 1826 2900 illius
1850 2855 1925 2899 con-

379 2942 526 3028 flagratio
550 2942 711 3008 mundana
733 2963 798 3007 uon
820 2948 946 3022 noceat,
970 2942 996 3005 si
1020 2941 1116 3006 trium
1139 2961 1312 3027 puerorum
1336 2941 1486 3005 mortalia
1509 2939 1614 3005 adhuc
1638 2960 1774 3025 corpora
1789 2940 1924 3002 circum-

377 3047 499 3133 positus
529 3048 644 3111 camini
673 3048 756 3132 ignis
786 3055 921 3132 tangere
950 3045 1103 3130 nequivit.
1153 3066 1265 3110 verum
1293 3045 1326 3109 in
1355 3045 1405 3108 his
1429 3045 1577 3109 omnibus
1599 3044 1708 3108 utilius
1739 3049 1788 3107 est
1811 3043 1926 3129 cuique

339 3177 351 3212 5
379 3158 501 3216 castum
525 3172 560 3215 se
584 3150 716 3216 districti
739 3149 852 3215 iudicis
875 3149 1035 3235 praebere
1059 3149 1285 3236 conspectibus
1302 3169 1398 3234 quam
1416 3147 1456 3213 de
1473 3146 1582 3212 iudicii
1599 3147 1682 3211 illius
1698 3144 1795 3210 modo
1813 3145 1927 3208 locove

380 3254 551 3320 discutere.
597 3275 675 3318 saue
699 3253 785 3339 quod
808 3254 973 3338 apostolus
996 3273 1068 3317 cum
1093 3251 1241 3316 dixisset:
1274 3251 1438 3339 rapiemur
1460 3271 1532 3315 oum
1559 3249 1622 3314 illis
1652 3251 1684 3312 in
1706 3248 1845 3313 nubibus
1869 3248 1926 3312 ob-

381 3359 466 3423 viam
490 3358 618 3423 domino
641 3359 674 3422 in
696 3377 788 3439 aera,
812 3355 920 3421 subdit
943 3355 1069 3420 dicens:
1101 3362 1134 3420 et
1161 3355 1206 3420 sio
1229 3375 1359 3441 semper
1381 3376 1454 3419 cum
1478 3353 1606 3418 domino
1637 3353 1769 3434 erimus,
1793 3373 1858 3416 non
1881 3353 1926 3416 sic

378 3461 600 3549 accipiendum
628 3468 692 3541 est,
722 3467 886 3546 tamquam
916 3460 947 3524 in
978 3480 1053 3524 aere
1083 3480 1141 3524 nos
1170 3459 1289 3524 dixerit
1317 3480 1448 3544 semper
1474 3479 1545 3522 cum
1578 3456 1706 3521 dominc
1736 3477 1808 3521 esse
1831 3477 1922 3522 man-

378 3587 482 3630 suros:
512 3567 588 3652 quia
614 3587 673 3631 nec
701 3565 770 3650 ipse
799 3563 910 3649 utique
937 3563 983 3627 ibi
1009 3563 1169 3645 manebit,
1200 3563 1273 3648 quia
1300 3562 1434 3628 veniens
1464 3563 1653 3626 transiturus
1677 3567 1735 3625 est.
1782 3561 1924 3628 venienti

327 3695 352 3734 55
381 3671 500 3756 quippe
523 3670 620 3734 ibitur
636 3667 773 3746 obviam,
796 3687 860 3731 non
876 3667 1029 3731 manenti.
1068 3665 1193 3731 sedita
1217 3687 1288 3730 cum
1305 3665 1435 3730 domino
1453 3666 1583 3730 erimus:
1607 3662 1641 3728 id
1664 3670 1714 3728 est
1736 3664 1781 3727 sio
1805 3666 1922 3729 erimus

379 3773 537 3839 habentes
561 3793 696 3859 corpora
718 3772 926 3858 sempiterna,
950 3770 1143 3858 ubicumque
1168 3791 1240 3836 cum
1262 3770 1317 3834 illo
1342 3771 1505 3834 fixerimus.

299 3968 361 4028 610
698 3961 820 4027 LXXI.
850 3961 900 4026 De
925 3961 1064 4049 septima
1087 3967 1121 4026 et
1136 3961 1220 4026 VHI
1242 3967 1351 4026 aetate
1375 3961 1475 4025 seculi
1501 3960 1607 4025 futuri.

376 4084 419 4149 Et
441 4086 522 4151 haec
546 4092 596 4150 est
620 4092 735 4149 octava
757 4084 813 4148 illa
828 4091 919 4148 55555
935 4104 1065 4171 semper
1080 4080 1220 4147 amanda
1235 4080 1396 4168 speranda
1411 4082 1603 4169 suspiranda
1618 4081 1780 4162 fidelihus,
1796 4081 1924 4166 quando

378 4211 489 4254 eorum
511 4191 635 4254 animas
658 4187 803 4253 Christus
827 4187 1116 4273 incorruptibilium
1132 4207 1301 4273 corporum
1318 4208 1451 4252 munere
1468 4187 1604 4252 donatas
1620 4185 1662 4250 551
1678 4187 1922 4272 perceptionem

377 4295 468 4378 regni
492 4294 640 4358 caelestis
663 4292 1032 4378 contemplationemque
1056 4289 1185 4354 divinae
1208 4311 1287 4355 suae
1310 4292 1488 4355 maiestatis
1510 4289 1656 4355 inducat:
1687 4312 1750 4354 non
1774 4291 1925 4354 auferens

337 4423 348 4460 5
375 4398 526 4482 gloriam,
556 4419 652 4484 quam
683 4401 801 4462 exutae
830 4395 1016 4482 corporibus
1047 4417 1067 4459 a
1096 4416 1174 4459 suae
1205 4416 1353 4480 quaeque
1377 4396 1571 4480 egressionis
1604 4402 1750 4481 tempore
1774 4395 1871 4459 beata
1894 4395 1926 4458 in

377 4501 489 4585 requie
512 4507 743 4588 perceperant,
776 4497 834 4564 5551
864 4499 986 4563 maiore
1019 4499 1090 4563 illas
1113 4499 1216 4584 gloria
1239 4499 1336 4563 etiam
1359 4519 1529 4585 corporum
1551 4498 1750 4563 redditorum
1774 4518 1925 4563 accumu-

377 4605 462 4668 lans:
485 4605 517 4668 in
542 4606 630 4669 ouius
654 4605 858 4669 contmuatae
882 4609 916 4667 et
937 4624 1001 4668 non
1025 4604 1225 4690 interruptae
1250 4603 1458 4669 beatitudinis
1482 4611 1594 4690 typum
1617 4603 1747 4688 Moyses
1770 4623 1842 4666 cum
1867 4624 1925 4667 sex
2042 4615 2045 4622 '

377 4708 448 4771 illos
472 4707 541 4773 dies
563 4710 695 4795 primos,
719 4708 835 4794 quibus
857 4708 961 4772 factus
985 4714 1034 4772 est
1051 4708 1198 4790 mundus,
1222 4730 1242 4772 5
1264 4709 1337 4772 1555
1354 4714 1387 4772 55
1404 4729 1498 4772 mane
1515 4708 1682 4772 inchoatos
1698 4705 1739 4771 ad
1754 4727 1925 4792 vesperam

377 4813 566 4878 terminatos
590 4812 739 4878 dixisset:
763 4813 796 4877 in
820 4813 969 4898 septimo,
993 4833 1056 4898 quo
1080 4814 1239 4898 requievit
1263 4813 1342 4878 deus
1365 4813 1406 4877 ab
1424 4813 1576 4898 operibus
1600 4813 1675 4892 suis,
1698 4813 1796 4876 solius
1819 4832 1924 4893 mane,

325 4942 348 4980 n
377 4937 440 4982 nou
463 4923 572 4980 autem
595 4923 628 4981 et
650 4936 787 5002 vespere
811 4916 889 4980 fecit
910 4918 1118 4982 mentionem.
1165 4915 1224 4982 sed
1248 4925 1378 4998 cuncta,
1402 4939 1485 5003 quae
1510 4916 1551 4981 de
1576 4937 1615 4980 eo
1640 4914 1924 4981 commemoranda

375 5021 516 5106 putavit,
551 5027 704 5086 55555555
739 5020 862 5105 requiei
896 5026 929 5085 et
963 5021 1197 5088 benedictionis
1225 5022 1297 5087 luce
1329 5022 1494 5087 conclusit.
1547 5021 1623 5107 quia
1652 5020 1733 5084 siout
1766 5026 1800 5084 et
1828 5041 1925 5106 supra

376 5197 456 5250 FHO

375 5317 454 5384 607,5
473 5316 637 5370 descenteH
712 5314 745 5380 lla
762 5315 795 5367 ad
813 5315 865 5366 iud.
884 5315 950 5366 dom.
964 5314 993 5365 F
1064 5316 1225 5381 orapieutur
1239 5313 1282 5364 1
1362 5314 1545 5366 55555511
1648 5313 1926 5378 tauromenitano

272 5413 380 5459 555555
400 5423 443 5458 555
461 5421 510 5456 om.
523 5404 571 5454 H
648 5401 816 5455 5155155551]
897 5399 971 5468 tex]
989 5401 1057 5453 5511
1126 5403 1245 5454 humeliis
1259 5401 1306 5452 H
1375 5402 1587 5469 spsnlmigrapbi
1604 5401 1640 5452 0
1711 5415 1734 5452 ro
1752 5400 1929 5454 comitaturF'

271 5492 375 5562 609,ch
393 5491 649 5560 55551553555151111
719 5487 898 5542 5555555151
963 5489 1021 5540 cin
1038 5505 1087 5541 ons.
1100 5488 1129 5540 F
1186 5487 1399 5541 rsubdioitffl
1458 5488 1589 5540 eaernF
1646 5491 1766 5556 tutique
1783 5490 1818 5541 ibi
1837 5507 1885 5540 om.
1900 5488 1930 5539 F

270 5579 511 5647 610515511
597 5577 771 5644 equoqueF
853 5576 1033 5644 ogleriamF
1116 5575 1308 5629 anonomH
1375 5574 1542 5628 55555515
1627 5574 1793 5627 51555511
1858 5587 1883 5628 10
1900 5583 1927 5627 et

274 5669 366 5722 omF
432 5665 521 5736 51555]
540 5665 628 5720 deoF
736 5660 932 5733 quinimob,
950 5681 1003 5732 qua
1016 5662 1060 5729 0,
1078 5662 1192 5731 quodH
