4634 6286
378 337 437 404 100
1067 321 1285 380 nvcnsalvn
1304 320 1324 376 Ι.

312 509 515 570 areanorum
538 501 667 569 Gildam
690 501 844 586 deinceps
866 501 899 563 in
919 519 1040 583 magna
1062 498 1271 563 veneratione
1294 496 1486 560 habuerunt.
1532 495 1570 559 Ιιι
1593 495 1709 560 eadem
1733 515 1862 581 quoque
1887 497 2021 580 regione

372 615 422 672 cst
436 609 621 690 oratorium,
637 604 723 692 quod
739 605 864 669 incolae
880 607 997 667 vocant
1012 622 1105 666 mons
1126 600 1295 677 Ooetlann,
1312 599 1400 685 quod
1415 606 1508 663 sonat
1526 601 1772 685 interpretatum
1789 603 2023 665 monasterium

370 712 519 776 nemoris.
565 729 702 795 cumque
725 709 886 788 homines,
917 707 971 791 qui
999 727 1034 770 se
1064 705 1227 770 faciebant
1254 705 1338 769 illius
1368 711 1474 768 terrae
1498 703 1653 785 heredes,
1677 705 1777 768 servis
1800 704 1853 770 dai
1875 706 1921 771 ibi
1944 727 2022 772 con·

372 817 592 903 templativam
615 815 714 878 vitam
738 813 929 878 ducentibus
951 831 1051 898 saepe
1075 811 1206 875 iniurias
1221 809 1386 892 inferrent,
1403 815 1586 874 asserentes
1601 809 1673 874 illos
1698 809 1739 874 de
1756 817 1843 875 terra
1860 813 2022 888 excolere,

373 939 456 1004 quae
480 920 598 984 circum
622 918 797 982 oratorium
820 917 923 980 sancti
946 915 1064 980 Gildae
1088 913 1270 994 ediscebat,
1293 914 1366 1000 plus
1390 933 1487 999 quam
1512 915 1558 978 eis
1575 911 1772 994 ostenderat,
1798 915 1846 979 vir
1867 935 1945 980 vero
1970 915 2024 981 dei
2065 938 2077 975 s

372 1023 484 1086 volens
515 1042 626 1086 omnes
656 1021 800 1106 quietam
826 1039 926 1104 agere
955 1019 1067 1098 vitam,
1100 1018 1237 1082 accessit
1270 1015 1313 1080 ad
1347 1016 1422 1080 litus
1455 1017 1551 1080 maris
1583 1023 1616 1080 et
1645 1037 1717 1082 cum
1739 1018 1858 1082 sanctis
1881 1018 1942 1082 sibi
1966 1018 2024 1083 ad·

372 1125 580 1191 haerentibus
607 1125 680 1190 fixis
709 1125 847 1210 genibus
876 1121 1119 1187 misericordem
1143 1120 1321 1202 dominum,
1345 1121 1399 1206 qui
1422 1120 1497 1185 facit
1519 1121 1551 1184 in
1575 1121 1666 1186 caelo
1695 1127 1729 1186 et
1751 1121 1892 1186 interra
1915 1124 2024 1187 omnia

374 1249 456 1314 qnae
488 1231 569 1311 vult,
604 1234 677 1293 orat
710 1227 860 1308 devotus,
889 1245 1088 1311 surgensque
1120 1224 1163 1289 ab
1194 1224 1339 1288 oratione
1362 1223 1580 1288 sanctissimus
1607 1223 1705 1288 homo
1728 1224 1895 1308 baculum,
1927 1247 2024 1312 quern

214 1354 469 1408 aam.c,1.manu
496 1333 637 1414 ferebat,
666 1339 773 1397 terrae
803 1332 965 1417 impressit
989 1336 1022 1394 ct
1044 1330 1090 1394 sic
1114 1329 1231 1393 atrium
1253 1328 1301 1392 sni
1323 1328 1454 1392 oratorii
1478 1327 1629 1392 circuivit.
1674 1331 1704 1392 ‘o
1729 1349 1825 1415 qnam
1849 1331 1953 1398 bonus
1976 1352 2024 1413 es,

371 1436 461 1502 ‘dens
477 1438 588 1519 Israel,
611 1437 661 1502 his
684 1436 738 1521 qui
761 1436 819 1500 tihi
835 1442 924 1499 recto
941 1442 1015 1499 sunt
1031 1431 1153 1498 cordel’
1191 1430 1404 1498 lucidissimus
1430 1431 1516 1496 enim
1540 1431 1611 1496 lons
1626 1430 1669 1496 ad
1684 1439 1797 1498 nutum
1813 1432 1866 1498 dei
1882 1433 1923 1499 de
1940 1435 2023 1517 loco,
2054 1452 2080 1490 1⁰

370 1540 425 1605 nbi
448 1547 577 1605 sanctus
600 1547 768 1621 oraverat,
792 1540 933 1603 surrexit
955 1545 989 1603 et
1011 1537 1054 1602 ad
1076 1536 1312 1602 ostendendam
1334 1536 1546 1601 certissimam
1573 1541 1695 1600 metam
1727 1537 1798 1602 atrii
1822 1545 1951 1604 secutus
1975 1547 2027 1605 est

372 1646 510 1731 vestigia
533 1645 643 1710 sancti.
689 1644 776 1730 quod
798 1645 987 1708 miraculum
1010 1640 1181 1706 audientes
1208 1640 1337 1723 fideles,
1365 1641 1463 1704 etiarn
1492 1639 1623 1726 quidam
1645 1661 1747 1726 usque
1777 1643 1810 1706 in
1833 1642 2026 1708 hodiernum

374 1748 461 1814 diem
493 1749 555 1814 hoc
589 1755 758 1822 cernentes
794 1749 1005 1834 omnipotenti
1039 1747 1184 1828 domino,
1219 1745 1272 1832 qui
1300 1745 1381 1809 mira
1409 1765 1468 1831 per
1495 1751 1623 1810 sanctos
1658 1766 1732 1810 suos
1762 1755 1930 1834 operatur,
1963 1769 2027 1813 non

314 1865 355 1926 28
374 1852 521 1916 minimas
544 1853 688 1918 referunt
710 1852 832 1917 landes.
878 1850 960 1914 (lum
987 1870 1065 1914 vero
1095 1849 1282 1936 disponeret
1312 1849 1493 1912 misericors
1525 1848 1606 1912 deus
1636 1854 1671 1913 ot
1692 1849 1826 1915 beatum
1849 1851 1981 1917 Gildam
2005 1874 2026 1917 a

374 1955 537 2021 laboribus
559 1956 653 2021 huius
676 1955 788 2020 mundi
812 1961 845 2020 et
867 1955 1030 2019 aerumnis
1053 1953 1192 2018 educere
1217 1959 1250 2015 et
1273 1951 1315 2016 ad
1337 1950 1457 2036 gandia
1480 1958 1624 2034 aeterna,
1648 1972 1732 2037 quae
1756 1952 1963 2039 diligentibus
1987 1976 2023 2020 se
2056 1969 2081 2009 1⁵

373 2060 527 2146 promisit,
551 2059 741 2145 perducere,
763 2079 823 2145 per
845 2058 1002 2122 visionem
1025 2057 1207 2142 angelicam
1228 2058 1260 2120 ei
1283 2054 1434 2140 dignatus
1458 2061 1508 2120 est
1531 2054 1734 2121 denuntiare.
1784 2057 1924 2143 quadam
1941 2059 2028 2123 enim

373 2169 468 2228 nocte
496 2183 568 2228 cum
596 2167 683 2226 esset
707 2162 835 2248 utique,
866 2169 902 2226 ut
928 2163 1052 2247 antiqui
1082 2161 1259 2241 affirmant,
1282 2161 1314 2224 in
1344 2159 1476 2224 amabili
1498 2159 1559 2224 sihi
1580 2160 1684 2224 insula
1706 2159 1848 2244 Horata,
1871 2163 1928 2228 ubi
1951 2163 2028 2228 olim

373 2267 595 2332 heremiticam
623 2265 761 2330 duxerat
790 2265 904 2344 vitam,
932 2267 1083 2352 apparuit
1107 2266 1137 2329 ei
1159 2267 1193 2330 in
1215 2265 1334 2329 somnis
1357 2264 1492 2348 angelus
1521 2262 1642 2327 domini
1674 2262 1799 2329 dicens:
1823 2264 1899 2330 audi
1923 2272 1957 2331 et
1978 2268 2027 2331 in·

374 2371 506 2455 tellege,
530 2368 651 2434 domini
673 2368 751 2432 Iesu
771 2367 889 2432 Christi
912 2369 1025 2444 amice,
1050 2369 1201 2453 quoniam
1224 2367 1390 2432 exaudivit
1412 2366 1492 2431 deus
1516 2367 1677 2431 orationes
1699 2374 1771 2432 tuas
1788 2375 1821 2434 et
1836 2369 1917 2435 vidit
1931 2371 2026 2436 lacri-

374 2493 444 2538 mas
473 2479 556 2537 tuas.
607 2477 640 2536 et
670 2492 746 2536 ecce
776 2477 890 2536 octava
918 2473 959 2536 ah
987 2471 1145 2536 hodierna
1176 2471 1228 2536 die
1257 2473 1380 2536 solutus
1409 2472 1533 2534 sarcina
1562 2473 1665 2535 carnis
1689 2472 1843 2538 videbunt
1866 2475 2027 2560 spiritales
2056 2484 2084 2524 ²⁰

377 2577 462 2642 oculi
484 2576 539 2656 tui,
564 2575 650 2661 quod
673 2595 803 2660 semper
825 2575 867 2640 ab
890 2576 1026 2640 infantia
1048 2575 1251 2640 desiderasti:
1275 2575 1401 2641 videbis
1424 2576 1544 2639 etenim
1567 2576 1600 2639 in
1623 2577 1794 2641 maiestate
1818 2598 1876 2643 sua
1898 2578 2029 2644 deside·

376 2686 480 2745 ratam
503 2680 619 2744 faciem
644 2679 764 2744 domini
787 2678 841 2744 dei
864 2679 919 2744 tui.
966 2681 1120 2744 confirma
1143 2701 1221 2765 ergo
1238 2679 1411 2766 discipulos
1435 2686 1507 2743 tuos
1531 2681 1563 2744 in
1587 2679 1639 2745 dei
1663 2681 1778 2746 timore
1803 2689 1836 2746 et
1859 2703 1970 2748 amore
1995 2690 2029 2748 et

377 2785 498 2849 instrue
523 2804 579 2848 eos
603 2783 696 2848 solito
721 2803 819 2864 more,
842 2789 878 2848 ut
901 2785 969 2848 eius
991 2784 1175 2870 praeceptis
1199 2783 1353 2848 obediant
1369 2790 1466 2870 atque
1484 2783 1637 2869 operibns
1653 2784 1805 2849 studeant
1827 2806 1867 2850 ea
1881 2787 2028 2873 implere,

319 2898 360 2959 29
378 2893 414 2951 ut
441 2888 484 2952 ad
510 2885 630 2973 gaudia
658 2893 791 2951 aeterna
820 2907 903 2972 quae
926 2888 1072 2973 promisit
1100 2888 1225 2974 possint
1251 2887 1431 2974 parvenire.
1477 2887 1577 2951 Facto
1600 2887 1698 2973 igitur
1728 2910 1822 2954 mane
1846 2892 2029 2955 convocatis

377 2993 410 3056 in
424 3011 523 3056 unum
540 2989 702 3076 discipulis
718 2990 798 3055 dixit
822 2991 880 3055 eis:
906 2993 1057 3076 quoniam
1073 3012 1147 3076 ego,
1169 2989 1226 3055 filii
1249 2990 1412 3072 carissimi,
1435 2991 1520 3055 viam
1543 2990 1707 3076 ingredior
1722 2993 1891 3058 universae
1909 3001 2027 3076 terrae,
2058 3004 2084 3044 ²⁵

378 3094 508 3160 dissolvi
529 3095 607 3160 mihi
623 3094 766 3182 expedit,
788 3102 824 3160 ut
847 3094 944 3160 deum
967 3097 1088 3182 possim
1111 3095 1231 3160 videre.
1276 3115 1334 3159 vos
1357 3096 1455 3180 igitur
1477 3101 1583 3159 estote
1606 3097 1787 3162 imitatores
1806 3096 1924 3162 Christi
1948 3100 2030 3163 sicut

377 3199 432 3264 filii
456 3199 610 3264 carissimi
634 3206 667 3264 et
689 3199 854 3265 ambulate
876 3201 910 3264 in
933 3200 1105 3265 dilectione
1129 3198 1183 3263 dei
1207 3204 1240 3262 et
1261 3203 1365 3262 estote
1388 3219 1518 3284 semper
1541 3219 1702 3264 memores
1719 3201 1895 3266 verborum
1917 3202 2029 3288 ipsius.

376 3303 476 3368 nolite
499 3310 609 3369 autem
632 3303 766 3389 diligere
789 3303 944 3369 mundum
972 3325 1032 3370 nec
1063 3325 1121 3386 ea,
1149 3324 1233 3389 quae
1264 3304 1296 3367 in
1324 3302 1443 3367 mundo
1468 3309 1557 3367 sunt:
1587 3304 1725 3369 mundus
1748 3307 1834 3370 enim
1858 3307 1973 3370 transit
1996 3311 2030 3369 et

377 3408 637 3494 concupiscentia
660 3409 738 3490 eins,
762 3408 925 3472 dominum
949 3429 1025 3473 vero
1048 3408 1157 3472 Iesum
1174 3406 1336 3471 Christum
1361 3413 1394 3470 et
1417 3405 1484 3470 eius
1508 3426 1674 3471 sermones
1690 3415 1759 3472 tcto
1779 3407 1876 3472 corde
1893 3407 2030 3494 diligite,

228 3532 278 3573 ra.
293 3511 530 3596 aequoniam
552 3512 621 3598 ipse
646 3511 740 3576 dixit
765 3512 895 3597 ‘siquis
919 3511 1023 3596 diligit
1046 3533 1109 3593 me,
1134 3530 1301 3575 sermones
1323 3531 1415 3574 meos
1431 3511 1573 3575 servabit
1597 3517 1630 3574 et
1653 3531 1715 3596 ego
1741 3512 1873 3598 diligam
1897 3533 1973 3578 eum
1996 3519 2029 3577 et
2057 3531 2084 3570 so

379 3615 603 3679 ‘manifestabo
627 3615 658 3679 ei
680 3635 733 3679 me
755 3612 883 3700 ipsum'.
927 3615 1037 3680 videte
1060 3616 1179 3700 itaque,
1203 3615 1367 3696 carissimi,
1392 3634 1489 3701 quam
1513 3635 1667 3700 magnum
1684 3617 1862 3702 praemium
1887 3623 1920 3681 ct
1936 3637 2031 3702 quam

380 3718 557 3804 optandum
580 3719 702 3783 lncruin
725 3719 883 3805 promittit
904 3719 998 3783 nohis
1021 3721 1092 3804 ipsa
1114 3719 1242 3802 veritas,
1267 3739 1350 3804 quae
1375 3725 1424 3782 est
1447 3717 1603 3784 Christus.
1647 3719 1717 3804 ipse
1747 3721 1851 3803 enim,
1882 3727 1918 3784 nt
1941 3719 2032 3801 dixit,

247 3825 441 3893 ras.1r‚c.‘est
462 3822 524 3903 via,
547 3822 667 3886 veritas
690 3828 724 3886 et
745 3819 833 3886 vita’.
871 3842 906 3886 se
930 3823 1034 3908 ipsum
1049 3821 1158 3908 itaque
1175 3823 1267 3887 nohis
1283 3822 1414 3887 daturus
1437 3828 1496 3886 cst.
1534 3843 1598 3886 non
1614 3842 1693 3906 ergo
1709 3825 1912 3910 negligamus
1927 3825 2033 3911 ipsum

227 3924 518 4006 1.ra.r,s.hahere,
546 3925 651 4011 ipsum
679 3925 857 4012 possidere.
902 3925 1020 3990 habete
1045 3933 1153 3991 autem
1181 3933 1214 3990 et
1242 3926 1275 3989 in
1304 3926 1395 3990 vobis
1425 3926 1608 3990 continuam
1631 3928 1817 4010 caritatem,
1841 3929 1917 4014 quia
1940 3927 2032 3992 ‘dens

381 4027 508 4092 ‘caritas
531 4034 581 4092 est
603 4035 637 4093 et
660 4031 714 4115 qui
736 4037 848 4095 manet
874 4030 907 4095 in
930 4031 1079 4110 caritate,
1101 4031 1135 4094 in
1158 4029 1219 4094 deo
1243 4036 1353 4095 manet
1376 4035 1409 4094 et
1432 4029 1512 4094 deus
1534 4031 1566 4093 in
1590 4027 1650 4096 co'.
1696 4031 1910 4096 humilitatem
1933 4031 2031 4096 etiam
2059 4045 2084 4086 ιι

215 4130 508 4204 ιιιιιι.ιι,ι9.ειιιιιοιιι
532 4132 654 4198 habere
679 4139 712 4197 et
735 4154 807 4198 esse
828 4134 936 4216 mites,
961 4135 1112 4220 quoniam
1136 4134 1283 4198 dominus
1305 4135 1338 4198 in
1361 4133 1532 4219 euangelio
1557 4133 1648 4198 dicit:
1674 4133 1798 4200 ‘discite
1821 4155 1840 4198 a
1865 4155 1932 4217 me,
1958 4135 2033 4221 quia

383 4235 479 4300 ‘mitis
502 4256 572 4300 snm
602 4243 636 4320 et
665 4237 792 4302 humilis
815 4236 945 4302 corde'.‘
986 4239 1177 4324 patientiam
1206 4258 1333 4323 quoque
1361 4259 1491 4324 semper
1520 4237 1641 4303 hahere
1664 4245 1880 4320 mementote,
1904 4261 1979 4303 nam
2000 4239 2033 4302 in

226 4361 279 4402 rac.
293 4361 325 4408 ιι,
334 4360 370 4400 rs.
385 4340 556 4424 euangelio
572 4341 658 4406 idem
674 4343 744 4428 ipse
760 4342 916 4428 loquitur:
941 4343 983 4406 ‘in
999 4343 1156 4427 patientia
1170 4349 1278 4407 vestra
1293 4342 1499 4428 possidebitis
1515 4344 1637 4406 animas
1655 4339 1797 4406 vestras'.
1844 4342 2034 4408 obedientes
2054 4389 2062 4401 .

242 4464 295 4504 na.
309 4462 371 4511 aaa
385 4443 484 4508 etiam
511 4451 632 4529 estote,
661 4447 743 4510 sicut
766 4453 799 4510 ct
828 4444 973 4511 Christus
1008 4445 1165 4511 obediens
1196 4446 1255 4511 fuit
1275 4467 1377 4533 usque
1405 4447 1446 4512 ad
1470 4453 1615 4512 mortem.
1662 4449 1777 4511 ‘estote
1801 4467 1879 4512 vero
1909 4448 2032 4512 miseri·

215 4569 236 4608 a.
249 4515 310 4608 aiii?
322 4516 371 4658 {sil
385 4547 510 4614 ‘cordes
532 4549 616 4615 sicut
637 4556 731 4636 pater
746 4556 855 4615 vester
869 4551 1050 4616 misericors
1071 4548 1142 4616 est’.
1187 4551 1372 4637 snperbiam
1394 4556 1504 4616 autem
1528 4557 1690 4632 execrata,
1708 4551 1783 4636 qnia
1801 4550 1893 4616 ‘dens
1919 4573 2030 4638 super·
2060 4572 2086 4611 a

227 4619 308 4662 ⁰⁰¹⁰*
335 4621 369 4668 '⁵‘
385 4652 445 4716 ‘bis
467 4653 596 4736 resistit,
620 4654 793 4719 humilibus
815 4662 925 4719 autem
949 4653 1004 4718 dat
1020 4653 1179 4740 gratiam'.
1225 4656 1391 4720 avaritiam
1415 4675 1492 4720 vero
1517 4653 1686 4735 declinate,
1711 4675 1794 4741 quae
1818 4655 1859 4719 ab
1883 4655 2032 4742 apostolo

379 4754 564 4822 idololatria
578 4759 771 4823 nominatur.
809 4759 969 4823 luxuriam
994 4779 1121 4844 qnoque
1145 4765 1179 4823 et
1195 4759 1388 4824 ebrietatem
1405 4759 1712 4845 fornicationemque
1729 4759 1842 4843 fugite,
1867 4759 2031 4844 quoniam,

214 4859 651 4947 1.c'or.o‚r⁰.si011iapostolus
674 4863 732 4944 ait,
757 4865 873 4949 ‘neque
897 4863 1016 4928 ebriosi
1042 4883 1148 4950 neque
1177 4863 1387 4928 fornicatores
1409 4883 1545 4947 regnum
1569 4863 1622 4927 dei
1644 4861 1876 4948 possidebunt.
1923 4861 2041 4927 omnia

216 4984 233 5022 r·
247 4981 304 5023 ner.
318 4982 459 5048 ccergo
482 4965 569 5044 vitia,
593 4987 676 5051 qnae
699 4967 846 5032 homines
869 4988 888 5032 a
911 4988 1012 5052 regno
1030 4967 1082 5031 dei
1098 4973 1259 5052 separant,
1284 4965 1476 5032 omnimodis
1498 4973 1572 5031 sunt
1591 4967 1745 5052 fugienda
1767 4967 1868 5032 vobis.
1915 4969 2032 5030 ‘estote

380 5069 519 5153 ‘quoque
543 5069 641 5134 sobrii
658 5077 692 5136 et
707 5071 878 5156 vigilantes
900 5072 933 5134 in
957 5071 1155 5135 orationihus
1178 5091 1317 5156 semper,
1341 5071 1416 5156 quia
1432 5070 1634 5135 adversarius
1651 5078 1758 5136 vester
1773 5068 2028 5135 diabolustcm-
2060 5093 2086 5132 ιι

379 5173 487 5255 ‘quam
508 5173 561 5237 leo
585 5175 715 5259 rugiens
738 5175 850 5239 circuit
874 5195 1033 5261 quaerens
1063 5195 1159 5261 quem
1179 5175 1328 5240 devoret.
1377 5175 1428 5239 cui
1451 5175 1589 5239 resirt‘tc
1613 5175 1713 5239 fortes
1736 5175 1768 5238 in
1790 5171 1876 5240 fide'.
1924 5173 2033 5238 odium

738 5333 794 5340 ——..

482 5429 647 5500 lcoetlann]
661 5435 771 5487 Zammac·
789 5435 815 5486 id
832 5443 872 5488 ast
889 5453 979 5489 namus
999 5437 1152 5502 monasterii,
1172 5437 1315 5488 cocrlaham
1327 5435 1385 5486 ΒΜ
1487 5435 1678 5490 8dcuotinsB
1747 5443 1748 5446 ’
1785 5432 1816 5485 11
1836 5434 1968 5486 ostendum
1978 5431 2037 5482 ΒΜ

382 5517 414 5570 15
431 5519 509 5570 huius
527 5519 614 5571 cm.B
719 5520 750 5573 17
769 5523 859 5588 utiquc
877 5522 961 5574 ooaB
1030 5520 1090 5589 sibi]
1109 5523 1193 5575 suaB
1296 5521 1504 5575 tetransiton
1607 5523 1642 5576 36
1660 5521 1774 5577 diciteB
1877 5517 1912 5572 46
1929 5520 2035 5586 rugiens

380 5605 465 5658 om.B
