4634 6286
396 330 456 391 110
930 323 1147 380 Avcuunlvu
1166 322 1211 378 lv.
1247 321 1337 378 VITA
1357 323 1502 380 urnula.

390 499 537 563 firmante
561 497 680 562 abbate
703 497 939 563 fraternitatem
963 496 1114 562 dilectam
1136 519 1195 585 pro
1218 519 1299 585 paee
1321 498 1435 563 habita
1458 503 1492 563 et
1513 519 1571 584 pro
1594 497 1759 564 beneficiis
1782 519 1866 586 quae
1890 499 2039 564 fecerant

391 602 583 688 etamplius
606 623 689 688 quae
712 603 828 667 facturi
851 607 953 668 erant.
997 602 1074 668 inde
1101 601 1266 668 redierunt
1294 623 1390 689 reges
1417 603 1577 688 pacificati
1599 605 1825 689 promittentes
1848 611 2045 668 veneranter

391 705 525 771 obedire
547 707 808 772 reverentissimo
831 705 943 770 abbati
967 703 1187 771 Glastoniensi
1210 713 1243 772 et
1258 727 1433 793 numquam
1447 707 1570 772 violare
1593 708 1832 772 sanctissimum
1854 707 1960 772 locum
1983 727 2047 772 nec

335 812 373 874 12
393 811 491 876 etiam
515 810 714 877 subiacentia
735 812 808 876 loco
830 810 1009 896 principali.
1054 809 1178 874 Habita
1204 811 1335 876 licentia
1364 811 1492 876 abbatis
1515 809 1751 876 Glastoniensis
1774 812 1852 877 cleri
1876 818 1910 876 et
1930 810 2046 898 populi

390 915 510 1001 cupivit
536 915 795 1002 religiosissimus
825 911 938 978 Gildas
967 914 1208 979 heremitariam
1237 915 1355 980 iterum
1385 915 1484 980 vitam
1513 916 1622 980 colere
1652 936 1749 1001 supra
1778 916 1883 1002 ripam
1904 916 2045 980 fluminis
2086 937 2099 976 a

388 1020 528 1105 proximi
556 1019 744 1085 (llastoniae
779 1023 813 1083 et
846 1019 1048 1084 voluntatem
1079 1019 1253 1105 complevit
1283 1018 1318 1084 in
1348 1038 1456 1104 opere.
1515 1018 1572 1083 ubi
1598 1018 1782 1085 aedificavit
1811 1020 1983 1084 ecclesiam
2010 1020 2045 1084 in

388 1124 518 1189 nomine
547 1129 677 1188 sanctae
706 1128 739 1187 et
765 1121 950 1188 individuae
979 1123 1145 1206 trinitatis,
1176 1123 1208 1187 in
1239 1143 1303 1210 qua
1330 1123 1497 1188 ieiunabat
1524 1128 1558 1187 et
1587 1123 1702 1188 orabat
1730 1123 1860 1190 assidue
1884 1130 1917 1189 et
1939 1124 2043 1190 cilicio

390 1227 531 1308 indutus,
554 1229 741 1314 exemplum
766 1226 889 1292 donans
913 1227 1061 1292 omnibus
1083 1226 1367 1313 irreprehensibile
1399 1225 1484 1292 bene
1507 1227 1637 1292 vivendi
1661 1248 1733 1292 cum
1755 1228 1922 1314 religione.
1966 1228 2044 1292 visi-

391 1332 504 1396 tabant
526 1333 628 1396 sancti
650 1333 709 1397 viri
731 1332 822 1397 illum
844 1331 1040 1398 visitandum
1063 1331 1104 1396 de
1128 1332 1311 1418 longinquis
1325 1331 1471 1417 partibus
1486 1331 1684 1416 Britanniae,
1708 1333 1876 1398 ammoniti
1891 1330 2045 1396 redibant

335 1435 372 1496 13
391 1442 425 1500 et
458 1434 568 1500 audita
600 1436 806 1501 hortamenta
836 1441 869 1500 et
891 1436 1025 1502 consilia
1054 1436 1239 1501 retinebant
1269 1457 1341 1500 oum
1374 1437 1584 1501 exultatione.
1635 1435 1830 1522 Aegrotavit
1852 1435 1984 1501 tandem
2008 1441 2043 1499 et
2076 1455 2103 1494 ro

392 1537 468 1604 dum
498 1545 732 1625 aggravaretur
761 1539 979 1625 aegritudine,
1009 1540 1199 1606 convocavit
1226 1540 1380 1604 abbatem
1403 1539 1606 1622 almaniae,
1633 1542 1687 1626 qui
1714 1541 1841 1626 rogavit
1870 1560 1944 1605 eum
1973 1560 2047 1605 cnm

391 1664 511 1729 magna
537 1644 676 1730 pictate,
698 1649 735 1708 ut
756 1643 846 1709 finito
875 1665 970 1709 cursu
991 1645 1078 1709 vitae
1095 1643 1218 1710 laceret
1234 1643 1352 1708 deferri
1368 1665 1484 1730 corpus
1499 1665 1591 1708 enum
1607 1642 1650 1708 ad
1663 1643 1831 1708 abbatiam
1846 1641 2046 1726 Glastoniae,

392 1767 489 1834 quam
505 1747 664 1834 diligebat
685 1748 837 1812 maxime.
882 1748 1002 1813 abbate
1025 1749 1233 1835 promittente
1257 1747 1372 1833 dignos
1394 1753 1526 1833 rogatus
1549 1748 1684 1833 explere
1708 1753 1741 1812 ct
1762 1753 1896 1834 propter
1918 1745 2046 1812 auditos

392 1851 522 1918 dolente
551 1858 585 1917 et
616 1854 748 1917 nimium
780 1853 968 1919 lacrimante
999 1853 1176 1938 exspiravit
1207 1853 1424 1917 sanctissimus
1455 1851 1568 1917 Gildas
1604 1858 1778 1937 aegrotans
1808 1850 1904 1917 valde
1937 1852 2047 1915 multis

392 1956 575 2022 videntibus
590 1955 796 2042 splendorem
813 1957 994 2043 angelicum
1018 1958 1102 2022 circa
1125 1978 1241 2044 corpus
1264 1956 1460 2022 odoriferum
1490 1962 1523 2022 et
1549 1957 1674 2042 angelis
1697 1955 1953 2021 consociantibus
1976 1957 2045 2020 ani·
2076 1985 2100 2023 n

391 2082 475 2126 mae.
542 2067 617 2148 post
652 2060 953 2126 conmendationcm
987 2061 1219 2126 lacrimabilem
1252 2062 1417 2147 expletam
1455 2059 1599 2126 defertur
1632 2081 1652 2124 a
1685 2059 1898 2125 confratribus
1931 2080 2048 2146 corpus

391 2165 588 2231 levissimum
612 2164 654 2229 ad
678 2165 842 2230 abbatiam
866 2171 900 2229 et
923 2186 995 2230 cum
1011 2166 1143 2251 planctu
1159 2167 1300 2230 maximo
1325 2173 1358 2230 et
1379 2165 1503 2230 honore
1519 2164 1705 2251 dignissimo
1721 2165 1877 2251 sepelitur
1890 2165 1923 2229 iu
1938 2163 2047 2229 medio

392 2269 580 2354 pavimento
601 2270 758 2335 ccclesiae
775 2275 906 2334 sanctae
923 2269 1057 2352 Mariae,
1077 2267 1166 2334 cuius
1188 2271 1296 2334 anima
1318 2271 1477 2356 requievit
1500 2276 1533 2334 et
1554 2269 1729 2356 requiescit
1750 2289 1789 2334 ao
1810 2268 1994 2354 requiescet
2014 2269 2049 2332 in

390 2373 525 2438 caelesti
547 2374 670 2459 requie.
712 2393 818 2438 amen.

334 2476 371 2534 14
494 2475 683 2562 Ynisgutrin
705 2478 869 2542 nominata
891 2477 952 2542 fuit
974 2477 1149 2562 antiquitus
1171 2475 1340 2542 Glastonia
1365 2483 1398 2542 et
1419 2477 1526 2542 adhuc
1540 2478 1723 2542 nominatur
1744 2497 1764 2540 a
1786 2475 1947 2540 Britannis
1962 2476 2045 2542 indi·
2074 2501 2101 2542 oo

389 2578 495 2664 genis;
518 2581 589 2666 ynis
610 2581 644 2645 in
658 2580 843 2646 Britannico
867 2601 1016 2646 sermone
1030 2581 1134 2646 insula
1149 2579 1279 2654 Latino;
1303 2583 1409 2667 gutrin
1432 2603 1509 2647 vero
1532 2583 1645 2648 vitrea.
1691 2579 1751 2646 sed
1771 2585 1846 2666 post
1869 2580 2045 2645 adventum

389 2682 646 2769 angligenarum
676 2690 710 2749 et
737 2685 879 2771 expulsis
908 2685 1085 2767 Britannis,
1115 2685 1238 2751 scilicet
1254 2683 1480 2769 walensibus,
1511 2693 1664 2752 revocata
1694 2691 1744 2749 est
1776 2684 1975 2770 Glastigberi
2004 2705 2047 2750 ex

390 2779 501 2852 ordine
531 2788 625 2874 primi
652 2788 818 2873 vocabuli,
842 2790 965 2854 scilicet
993 2790 1063 2876 glas
1091 2787 1229 2875 Anglice
1258 2791 1376 2855 vinum
1404 2790 1535 2874 Latine,
1565 2789 1656 2855 beria
1678 2789 1801 2872 civitas,
1824 2788 1900 2852 inde
1924 2788 2045 2854 Glasti-

390 2890 482 2956 beria
503 2891 537 2955 id
561 2898 611 2956 est
625 2891 737 2957 Vitrea
761 2892 891 2960 Civitas.

494 2994 776 3061 Nancarbanensis
800 2995 972 3063 dictamina
995 3003 1069 3062 sunt
1092 2996 1253 3062 Oaratoci:
2075 3021 2101 3062 a

495 3100 548 3186 qui
569 3100 669 3185 legat,
689 3099 856 3166 emendet:
880 3102 989 3188 placet
1015 3102 1061 3166 illi
1085 3103 1301 3189 compositori.

492 3307 510 3360 3
527 3310 616 3362 abbati
633 3311 802 3376 glestoniensi
810 3309 845 3374 B,
863 3309 939 3376 glast.
953 3311 1050 3364 suno
1115 3309 1133 3362 8
1150 3311 1400 3378 irreprehensibibile
1412 3310 1438 3362 B
1508 3307 1541 3361 10
1559 3310 1661 3362 tandem
1679 3327 1728 3361 om.
1738 3309 1764 3360 B
1835 3307 1867 3360 15
1885 3306 2044 3376 uidentibus]

389 3396 586 3463 audentibusO,
605 3396 809 3449 audientibusB
866 3397 992 3464 angeliB
1079 3396 1112 3449 16
1129 3397 1311 3464 coupletamO
1393 3395 1428 3448 20
1445 3397 1592 3463 unisgutrin
1606 3395 1631 3447 B
1717 3393 1792 3463 2οῙ21
1813 3395 1940 3460 indigenis
1958 3411 2007 3448 om.
2021 3394 2047 3446 B

389 3480 422 3534 21
440 3482 573 3550 gutrauB
675 3481 711 3534 22
727 3484 864 3551 glastigbri
878 3483 923 3547 0¹,
942 3484 1107 3550 glastigberie
1121 3482 1159 3534 Ob
1263 3481 1341 3550 23124
1358 3483 1562 3550 glastigberiaC
1662 3480 1697 3535 26
1715 3482 1871 3534 emendato
