4634 6286
836 337 913 392 CVM
933 337 1208 393 ADDITAMENTIS
1227 339 1368 395 NENNII.
1869 351 1928 414 133

379 509 962 576 06666166676666116666666111
986 513 1134 576 excuntis
1158 511 1248 595 (Me.
1266 513 1323 580 SS.
1349 519 1396 596 13,
1413 515 1491 601 674)
1516 518 1621 581 16666
1647 539 1689 582 ex
1711 519 1844 583 historia
1868 520 1929 584 hac

274 636 305 698 p.
327 616 396 694 163,
414 618 432 677 2
455 612 576 694 166661,
599 620 636 676 ut
658 615 694 677 16
716 614 873 696 Eutropio
896 615 1073 696 6166166666
1094 618 1260 696 repertur,
1285 616 1327 682 ad
1349 622 1572 685 recensionem
1595 621 1695 686 Marci
1725 624 1780 708 qui
1803 622 1928 688 dieitur.

379 718 572 782 humbertus
594 719 627 782 in
649 717 762 782 1166166
787 718 828 802 (6.
850 718 945 804 1120)
977 725 1133 805 excerpta
1162 720 1264 784 habet
1293 741 1335 786 ex
1357 723 1557 788 mirabilibus
1581 723 1666 810 (666.
1691 726 1794 790 Duae.
1818 730 1928 790 6796

274 827 334 884 661.
358 820 505 885 66616161.
528 821 595 902 66).
620 822 719 886 6616
742 825 872 886 61878
896 826 1006 908 6488
1030 821 1148 906 6.28);
1181 823 1337 888 ‘miranda
1365 823 1577 893 Brittanniae.
1624 835 1674 892 est
1702 831 1735 893 in
1762 828 1930 894 Britannia

274 926 388 989 ‘insula
411 923 582 1010 stagnum'.

378 1028 569 1094 Gallredum
602 1029 882 1093 Menumetcnsem
912 1031 1155 1114 (1130-1140)
1184 1051 1280 1116 66666
1312 1030 1357 1118 (6.
1381 1032 1437 1114 23)
1469 1032 1607 1098 diximus
1638 1042 1769 1120 praeter
1799 1035 1928 1101 Gildam

274 1134 449 1218 genuinum
473 1135 569 1198 etiam
593 1133 965 1198 Β611166661616166166
989 1135 1047 1199 sub
1072 1134 1188 1198 eodem
1211 1135 1341 1199 nomine
1365 1136 1493 1218 afferre,
1516 1138 1664 1202 nimirum
1688 1144 1783 1222 e,13,
1806 1141 1861 1204 ubi
1884 1143 1929 1205 ait

274 1259 332 1323 per
356 1237 553 1302 Germanum
578 1237 868 1302 Altisiodorensem
892 1245 925 1302 et
947 1237 1075 1324 Lupum
1094 1238 1290 1303 Trecensem
1314 1240 1415 1304 multa
1439 1242 1593 1306 miracula
1616 1242 1712 1308 deum
1737 1245 1926 1326 ostendisse,

274 1345 368 1427 ‘quae
385 1342 498 1407 Gildas
520 1343 553 1406 in
567 1347 708 1407 tractatu
730 1363 786 1406 suo
803 1343 966 1407 luculento
983 1363 1132 1406 sermone
1149 1342 1296 1428 paravit’,
1313 1345 1488 1430 respiciens
1506 1347 1628 1411 scilicet
1643 1348 1860 1412 narrationem
1886 1349 1927 1412 de

273 1445 436 1510 Germano
468 1468 494 1511 c.
519 1450 661 1532 32666,
694 1448 743 1511 661
772 1446 900 1532 Lupum
930 1445 1055 1510 addidit
1087 1467 1206 1511 errore.
1267 1453 1437 1532 praeterea
1464 1451 1583 1534 passim
1609 1451 1652 1530 (1,
1670 1455 1699 1515 3.
1729 1457 1774 1515 11.
1804 1456 1850 1516 12,
1881 1457 1927 1518 16.

278 1554 325 1616 18.
356 1554 454 1632 3,12.
488 1553 673 1632 6,16-19.
706 1554 736 1630 7,
753 1549 787 1636 3)
817 1550 983 1615 historiam
1012 1551 1214 1635 compilavit,
1248 1553 1403 1617 miracula
1431 1573 1559 1639 quoque
1590 1552 1738 1619 adhibuit
1760 1555 1805 1640 (9,
1823 1559 1852 1620 6.
1884 1558 1927 1641 7).

274 1657 381 1719 omnia
405 1676 488 1741 quae
513 1653 645 1739 adlegat
668 1654 784 1719 6116666
807 1655 911 1733 66161,
941 1677 1013 1718 666
1041 1656 1232 1740 6666666116
1262 1677 1326 1719 666
1356 1657 1424 1720 6166
1452 1657 1582 1742 ingenio
1612 1665 1646 1721 61
1668 1659 1776 1743 611666
1799 1680 1928 1745 666666

274 1759 419 1824 doctrina
442 1758 492 1845 (ut
515 1781 546 1845 p.
569 1762 674 1841 157,9
698 1759 761 1822 aris
784 1758 1025 1822 Philistinorum
1048 1759 1210 1822 intellexit
1232 1759 1403 1844 significari
1433 1781 1504 1824 aras
1526 1760 1749 1846 Philcnorum)
1774 1771 1929 1849 excerpta

273 1864 348 1929 inde
371 1865 507 1928 licenter
529 1864 710 1927 mutaverit.
756 1862 900 1926 codicem
934 1883 1008 1927 eum
1036 1860 1222 1927 adhibuisse
1251 1885 1293 1927 ex
1323 1884 1444 1948 genere
1473 1871 1655 1930 nostrorum
1677 1865 1736 1947 Pe
1759 1888 1830 1930 cum
1853 1867 1928 1931 inde

272 1969 473 2054 perspicitur,
497 1966 585 2053 quod
606 1967 723 2031 librum
747 1968 825 2031 61161
848 1967 906 2031 sub
930 1967 1059 2031 nomine
1084 1965 1211 2050 Gildae,
1235 1974 1303 2031 tum
1326 1988 1370 2032 ex
1389 1969 1592 2052 lectionibus,
1614 1991 1750 2056 quarum
1765 1972 1929 2056 specimen

273 2073 438 2136 attulimus
461 2071 504 2136 66
525 2094 555 2157 6.
578 2074 714 2151 157,111.
744 2075 811 2152 178,
828 2075 857 2136 3.
886 2074 1022 2153 187,13.
1051 2075 1121 2153 188,
1138 2075 1167 2136 3.

376 2176 598 2256 Recentiores,
622 2181 657 2238 ut
680 2174 857 2239 Henricum
880 2173 1206 2260 Huntingdonensem
1230 2173 1444 2260 (61Ζ16666
1466 2197 1497 2262 p.
1516 2175 1592 2261 279)
1616 2178 1760 2262 61166666
1785 2179 1886 2242 66161.

375 2487 553 2555 Historiam
582 2487 763 2554 Brittonum
793 2488 912 2574 passim
944 2487 1122 2552 adhibitam
1154 2487 1195 2551 61)
1226 2487 1346 2552 166616
1378 2488 1511 2553 Usserio
1540 2490 1572 2554 in
1602 2491 1845 2576 antiquitatibus
1874 2512 1928 2556 ee-

271 2595 390 2660 clesiae
414 2595 618 2659 Britannicae
639 2592 840 2678 (computum
862 2612 894 2676 p.
911 2595 973 2656 298
999 2591 1101 2656 edidit
1124 2591 1175 2656 66.
1198 2595 1276 2656 1639
1300 2614 1330 2678 p.
1349 2597 1421 2674 4112,
1445 2593 1596 2659 661687
1621 2616 1651 2679 p.
1670 2598 1744 2674 217)
1767 2595 1927 2680 integram

271 2699 374 2764 edidit
411 2699 533 2784 primus
567 2696 709 2759 Thomas
747 2694 830 2759 Gale
866 2696 948 2759 inter
988 2695 1141 2760 historiae
1181 2694 1387 2760 Britannicae
1428 2697 1608 2762 Saxonicae
1648 2698 1928 2782 Anglo-Danicae

270 2805 441 2890 scriptores
461 2801 525 2866 XV
555 2800 719 2888 (Oxoniae
745 2801 840 2885 1691)
874 2821 905 2885 p.
930 2804 968 2863 91
984 2821 1051 2885 seq.
1086 2798 1128 2864 ad
1160 2817 1252 2864 6666
1287 2801 1473 2887 exemplum
1507 2810 1668 2866 servatum
1702 2801 1799 2866 hodie
1830 2805 1928 2885 (teste

269 2907 404 2993 Hardyo
428 2929 458 2971 6.
476 2909 552 2988 776)
577 2904 805 2990 Cantabrigiae
834 2905 867 2969 in
897 2904 1035 2988 collegio
1066 2902 1098 2967 S.
1121 2903 1286 2967 Trinitatis
1311 2901 1365 2988 (Ο.
1382 2905 1422 2968 X.
1445 2904 1497 2990 18)
1522 2905 1652 2985 666166
1677 2903 1869 2988 166666116,
1893 2913 1929 2969 ut

272 3011 438 3094 ait‚‘varie
463 3010 618 3096 corruptis
642 3005 902 3093 exemplaribus',
931 3007 1133 3091 potissimum
1160 3013 1270 3071 autem
1294 3028 1337 3070 ex
1360 3007 1470 3072 codiee
1495 3008 1754 3095 Cantabrigiensi
1775 3010 1821 3074 Ff
1832 3010 1857 3073 I.
1877 3013 1928 3092 27,

270 3116 393 3180 66111661
409 3114 451 3178 66
466 3115 602 3178 fonnem
617 3113 818 3177 Nennianam
835 3117 868 3176 et
884 3111 942 3175 sub
967 3111 1096 3175 nomine
1112 3109 1143 3174 N
1145 3111 1239 3174 ennii.
1285 3109 1328 3174 66
1342 3113 1565 3176 recensionem
1589 3113 1764 3177 secundam
1788 3113 1927 3178 eundem

269 3220 386 3284 libmm
422 3217 523 3282 edidit
556 3221 688 3282 61819
718 3215 863 3280 Gunnius
897 3225 972 3278 usus
1007 3213 1117 3279 666166
1140 3214 1299 3278 Vaticano
1329 3214 1416 3296 (vide
1446 3236 1542 3300 supra
1566 3237 1596 3301 p.
1623 3220 1704 3298 120).
1760 3224 1834 3302 6661
1868 3218 1928 3280 hos

268 3324 415 3388 libellum
453 3323 616 3386 recensuit
655 3321 814 3406 Iosephus
852 3319 1032 3384 Stevcnson
1069 3318 1201 3403 (Ν66611
1243 3318 1377 3383 historia
1414 3319 1582 3384 Britonum
1621 3319 1664 3383 ad
1700 3319 1797 3385 fidem
1833 3318 1927 3385 codd.

268 3449 343 3492 mss.
383 3426 521 3491 Londini
548 3428 638 3491 1838.
677 3423 722 3508 8.)
755 3423 913 3488 ‘adhibitis
939 3423 1030 3487 libris
1059 3422 1186 3503 multis,
1215 3419 1273 3486 sed
1303 3429 1339 3486 ut
1366 3423 1492 3508 6611666
1519 3424 1588 3487 6616
1610 3423 1685 3487 1666
1709 3430 1927 3505 enatarentur,

269 3553 308 3596 eo
347 3533 477 3595 nomine
515 3529 710 3610 laudandus,
747 3527 834 3613 6666
866 3529 898 3592 16
933 3533 1025 3591 textu
1059 3524 1284 3590 constituendo
1320 3527 1476 3612 optimum
1511 3526 1724 3592 Harleianum
1756 3529 1926 3614 expressit.

269 3657 287 3700 6
312 3637 472 3700 contrario
496 3634 657 3699 Hem-icus
680 3633 789 3697 Petrie
814 3634 846 3696 in
870 3632 1011 3696 editione
1042 3632 1162 3695 inserta
1183 3632 1401 3696 monumentis
1423 3631 1577 3696 historiae
1601 3631 1789 3696 Britanniae
1813 3632 1891 3714 (vol.
1911 3638 1924 3696 1

268 3760 297 3803 a.
318 3742 398 3803 1848
423 3759 453 3823 p.
471 3735 606 3823 47666.)
630 3739 790 3822 expressit
813 3735 958 3799 codicem
982 3734 1172 3799 Nennianae
1202 3736 1397 3799 recensionis
1427 3733 1566 3800 cundem
1597 3756 1692 3821 quem
1724 3741 1927 3800 6666166661

268 3842 391 3924 Galius,
415 3847 607 3928 apparatum
631 3842 775 3905 criticum
799 3839 917 3903 adiecit
938 3839 1114 3902 minoribus
1137 3839 1280 3917 omissis,
1304 3838 1362 3903 sed
1392 3839 1564 3924 diligenter
1588 3841 1759 3904 collectum
1782 3841 1926 3903 excussis

267 3948 355 4011 libris
388 3968 452 4011 666
481 3947 591 4032 666616
623 3945 760 4025 (66111661
789 3963 830 4007 ex
858 3943 973 4006 nostris
989 3941 1038 4023 H,
1067 3943 1129 4026 ipsi
1146 3942 1195 4024 Χ,
1229 3948 1263 4006 et
1278 3943 1326 4024 K,
1356 3943 1418 4027 ipsi
1440 3942 1481 4024 Y,
1504 3944 1582 4007 item
1605 3943 1643 4007 iis
1667 3964 1747 4028 quos
1770 3963 1868 4029 supra
1893 3943 1926 4006 in

267 4072 402 4115 recensu
437 4049 583 4115 codicum
618 4047 784 4132 16616661),
818 4047 971 4133 inspectis
1001 4052 1034 4109 61
1062 4047 1255 4110 examinatis
1283 4047 1351 4110 lere
1382 4047 1543 4122 omnibus;
1574 4048 1683 4131 itaque
1714 4047 1740 4109 si
1764 4047 1814 4110 cui
1838 4045 1927 4110 cordi

267 4160 317 4216 661
338 4155 604 4240 interpolationes
626 4159 735 4217 aetate
760 4152 937 4236 posteriore
961 4147 1003 4212 ad
1025 4149 1191 4213 historiam
1215 4149 1360 4214 adiectas
1383 4171 1590 4236 cognoscere,
1616 4157 1741 4214 textum
1766 4157 1924 4235 616666-

266 4264 372 4322 ratum
401 4257 589 4322 Petrianum
618 4279 682 4322 non
713 4257 781 4320 sine
810 4255 915 4319 fructu
945 4252 1123 4318 adhibebit.
1152 4292 1194 4299 -
1224 4253 1465 4320 Gutschmidius
1488 4255 1626 4340 denique
1651 4273 1734 4339 quae
1758 4253 1925 4318 adnotavit

266 4360 443 4426 adNennii
458 4367 492 4425 61
509 4360 626 4425 Gildae
643 4367 770 4425 textum
785 4358 1044 4424 Sanmartianum
1061 4357 1218 4440 (Β6661161
1240 4357 1335 4444 1844)
1352 4379 1542 4445 expressum
1566 4379 1608 4422 ex
1625 4357 1767 4421 editione
1785 4355 1922 4420 816666-

266 4466 400 4530 soniana
414 4464 598 4530 Ludovieus
614 4463 744 4529 Traube
771 4463 940 4548 exemplar
956 4462 1025 4526 eius
1041 4468 1153 4526 666166
1176 4461 1317 4547 henigne
1340 4483 1467 4527 mecum
1490 4462 1747 4543 communicavit,
1770 4481 1831 4524 nec
1854 4461 1923 4524 sine

266 4569 370 4633 fructu
400 4570 665 4653 praestantissimi
688 4569 747 4634 viri
771 4565 1049 4632 observationibus
1073 4587 1148 4630 usus
1170 4586 1250 4630 sum.

994 4752 1146 4759 ---.-..--
1171 4755 1198 4758 .-.

367 4878 513 4942 Historia
541 4878 726 4943 Brittonum
753 4899 836 4962 quae
870 4878 989 4960 fertur,
1015 4899 1105 4959 vere,
1138 4879 1320 4963 61161666
1345 4879 1500 4964 661661616
1525 4879 1607 4960 dixi,
1639 4879 1740 4942 series
1764 4876 1923 4963 6666666

265 4989 315 5048 661
338 4982 563 5068 opusculorum
592 4985 782 5068 scriptorum
806 5003 912 5066 66666
935 5003 999 5045 uno
1023 4987 1136 5046 tenore
1159 5003 1264 5067 neque
1289 4982 1405 5046 eodem
1427 4990 1588 5068 tempore,
1610 4991 1644 5046 at
1667 4981 1776 5046 delata
1799 4980 1842 5044 ad
1863 5000 1922 5044 666

263 5089 389 5170 integra
413 5093 500 5150 certe
525 5106 567 5149 ex
591 5084 707 5149 eodem
731 5084 906 5169 archetypo
931 5104 995 5147 666
1018 5083 1194 5148 6666666
1217 5086 1347 5170 6611666
1372 5092 1405 5150 61
1427 5086 1552 5151 habens
1574 5085 1648 5150 inde
1672 5088 1705 5150 in
1728 5084 1922 5170 exemplari-

263 5191 323 5255 bus
346 5194 504 5276 quotquot
528 5195 641 5254 extant
663 5187 797 5252 mendas
814 5207 1017 5258 communem
1040 5189 1228 5252 11666666
1250 5210 1282 5274 p.
1305 5193 1374 5271 189,
1391 5193 1431 5254 22
1455 5195 1484 5254 et
1506 5191 1545 5254 ab
1568 5189 1682 5255 illicita
1704 5189 1924 5254 coniunctione

262 5299 425 5374 sqroraret
439 5295 512 5358 libri
529 5313 640 5358 66666
656 5289 931 5372 HKPQDccm
955 5297 1085 5374 praeter
1099 5291 1146 5356 0²
1162 5299 1275 5378 aperte
1292 5293 1519 5360 emendantem
1536 5296 1720 5360 coniectura
1737 5300 1770 5357 et
1786 5293 1922 5356 fortasse

262 5397 342 5461 MN
357 5399 435 5461 item
460 5419 479 5460 a
503 5398 706 5462 coniecturae
731 5396 911 5480 suspicione
935 5415 999 5458 non
1022 5395 1146 5458 alienos
1163 5396 1319 5461 exhibent
1342 5399 1413 5462 1666
1437 5405 1570 5464 66166.
1614 5398 1726 5463 66616
1749 5399 1821 5482 ipsa
1837 5398 1921 5460 serie

261 5502 334 5566 libri
351 5500 517 5566 diffemnt:
541 5502 662 5566 seilicet
684 5500 726 5564 ad
741 5500 881 5564 omnium
897 5498 1152 5584 antiquissimum
1176 5507 1209 5564 et
1231 5502 1452 5588 plenissimum
1468 5503 1505 5566 H
1523 5505 1579 5569 ubi
1594 5503 1734 5588 reliquos
1751 5502 1922 5585 exigimus,

261 5605 312 5669 hic
335 5612 386 5670 est
409 5627 519 5670 eorum
544 5614 743 5691 conspectus,
767 5604 809 5669 ad
833 5624 930 5690 quem
953 5624 1012 5667 nos
1037 5603 1213 5668 editionem
1237 5606 1473 5672 adornavimus.
