4552 6308
1177 1444 1242 1538 ΙΙ.

878 1629 1072 1726 FASTI
1105 1631 1537 1728 VERONENSES

844 1805 893 1878 A.
922 1799 1565 1882 ccccxxxix-coconem.

480 1985 611 2083 Codicis
633 2015 852 2081 bibliothecae
876 2018 1061 2104 capitularis
1078 2018 1276 2084 Veronensis
1291 2016 1351 2080 LV
1368 2017 1436 2099 (53)
1461 2017 1583 2081 formae
1607 2019 1780 2101 maximae,
1804 2021 1858 2106 qui
1874 2020 2037 2106 scriptura

376 2118 556 2204 posteriore
579 2117 695 2184 Isidori
718 2123 896 2185 sententias
913 2122 1057 2203 exhibet,
1081 2122 1159 2186 folia
1175 2125 1225 2187 33.
1244 2125 1295 2187 34.
1313 2123 1440 2186 64-99
1463 2123 1620 2208 rescripta
1642 2130 1716 2187 sunt
1737 2145 1900 2210 unumque
1922 2145 2039 2188 eorum

376 2221 397 2285 f.
415 2225 455 2287 88
480 2224 623 2287 continet
651 2225 806 2289 fastorum
833 2226 1024 2291 laterculum
1055 2247 1144 2306 eum,
1172 2246 1268 2312 quem
1296 2225 1357 2290 hoc
1387 2225 1459 2289 loco
1489 2225 1623 2290 edimus.
1670 2248 1741 2292 cum
1767 2248 1807 2292 eo
1831 2228 1909 2292 folio
1945 2227 2037 2313 quod

377 2325 532 2390 cohaeret
552 2329 608 2406 ita,
632 2334 668 2392 ut
690 2328 732 2392 ad
755 2328 895 2393 eundem
919 2331 1163 2416 quaternionem
1186 2330 1409 2416 pertinuerint,
1432 2328 1491 2393 sed
1513 2331 1703 2417 interposita
1718 2331 1908 2408 exciderint,
1932 2333 2037 2396 hodie

376 2430 538 2514 signatum
557 2435 597 2497 87
622 2431 698 2517 quid
722 2434 895 2516 contineat,
918 2455 1001 2499 nunc
1022 2434 1152 2500 de'mum
1174 2436 1373 2522 patefactum
1395 2441 1453 2499 est.
1490 2435 1611 2500 scilicet
1630 2456 1734 2522 pauca
1747 2435 1848 2500 verba
1865 2437 1941 2500 olim
1958 2435 2039 2500 inde

377 2540 509 2598 enotata
525 2555 545 2598 a
562 2537 717 2600 canonico
731 2535 875 2602 Giulario
891 2559 963 2602 cum
979 2560 1043 2602 non
1060 2539 1245 2604 sufficerent
1260 2537 1302 2603 ad
1318 2545 1543 2624 argumentum
1560 2537 1848 2622 determinandum,
1865 2539 1930 2604 adii
1947 2539 2039 2604 Har·

376 2638 489 2702 tellum
504 2637 791 2705 Vindoboneusem
815 2642 989 2724 sciscitans,
1013 2639 1053 2706 de
1076 2643 1139 2708 hoc
1163 2643 1273 2708 codice
1298 2645 1426 2707 omnino
1450 2640 1492 2707 ad
1513 2664 1628 2729 corpus
1644 2643 1724 2708 illud
1741 2649 1908 2708 auctorum
1926 2643 2037 2707 eccle-

376 2742 577 2806 siasticorum
601 2743 688 2828 quod
711 2744 898 2809 moderatur
921 2751 1091 2831 spectante
1114 2768 1190 2811 num
1214 2747 1292 2832 quid
1317 2747 1535 2834 comperisset.
1574 2748 1735 2834 rescripsit
1750 2749 1776 2810 is
1797 2748 1881 2811 inter
1896 2746 2039 2811 schedas

376 2845 564 2910 academiae
588 2843 852 2912 Vindobonensis
876 2847 1170 2915 Studemundianas
1186 2851 1368 2937 repperisse
1385 2871 1420 2914 se
1441 2851 1642 2937 palimpsesti
1658 2851 1790 2916 huiusce
1806 2850 2038 2937 apographum

376 2949 563 3036 inchoatum
587 2951 720 3037 eiusque
744 2953 909 3039 specimen
932 2954 1026 3018 misit.
1074 2952 1161 3040 quod
1184 2976 1256 3019 curn
1273 2955 1460 3018 Hamackio
1482 2961 1592 3018 nostro
1621 2955 1848 3036 exhibuissem,
1873 2956 1983 3018 statim
2009 2956 2038 3017 is

377 3056 510 3139 agnovit
547 3056 728 3122 versionem
761 3057 912 3122 Latinam
951 3057 1057 3123 adhuc
1089 3060 1236 3144 ignotam
1269 3059 1533 3123 constitutionum
1567 3058 1856 3122 ecclesiasticarum
1890 3057 2038 3143 pseudo-

376 3159 653 3225 clemcntinarum.
711 3160 900 3227 Edmundus
930 3163 1056 3227 Hauler
1093 3162 1210 3228 deinde
1246 3165 1278 3227 in
1314 3163 1442 3226 Italiam
1476 3162 1638 3248 profectus
1673 3161 1741 3226 folii
1770 3162 1853 3226 illius
1879 3165 1920 3225 87
1952 3183 2038 3248 apo-

376 3263 534 3349 graphum
558 3265 646 3347 fecit,
670 3266 760 3330 cuius
782 3268 886 3352 prima
909 3267 1009 3332 verba
1032 3267 1114 3332 haec
1137 3274 1225 3331 sunt:
1248 3267 1406 3352 [serastes
1427 3272 1457 3330 et
1478 3265 1565 3346 filice
1587 3271 1616 3330 et
1638 3266 1774 3329 racntbra
1795 3271 1905 3329 nostra
1927 3269 2039 3329 tamen

375 3367 459 3431 sicad
481 3369 640 3448 sapientes
661 3373 691 3432 ct
712 3391 772 3434 uos
793 3391 875 3450 quae
897 3370 978 3434 borsa
994 3370 1042 3453 (?)
1063 3375 1093 3434 ct
1111 3373 1179 3435 stac
1194 3371 1453 3451 repraehensione
1470 3372 1676 3455 =p.13,16
1699 3365 1864 3453 Lagarde:
1889 3360 2038 3456 ἀδελφαὶ

375 3468 432 3536 καὶ
460 3471 639 3556 θυγατέρες
668 3473 725 3536 καὶ
757 3469 838 3558 μέλη
867 3465 960 3561 ἡμῶν
989 3465 1035 3552 ὡς
1065 3471 1169 3560 σοφαὶ
1198 3471 1256 3539 καὶ
1287 3464 1400 3554 αὗταί,
1438 3465 1645 3558 ἆλοιδόρητοι
1674 3473 1733 3537 τοῦ
1762 3468 1853 3554 βίου,
1886 3479 2040 3536 extrema

375 3575 472 3640 haec:
507 3625 613 3642 .....
625 3597 697 3640 acm
722 3577 851 3657 faciant
878 3578 1045 3642 adversm
1067 3599 1139 3641 cum
1160 3583 1190 3642 et
1213 3627 1322 3644 .....
1351 3579 1388 3655 ei,
1416 3577 1566 3658 qaonwdo
1593 3577 1641 3639 bii
1662 3575 1719 3658 qai
1740 3576 1821 3656 foris
1843 3576 1971 3640 07000000
1994 3608 2038 3632 =

374 3700 406 3765 p.
428 3681 546 3760 15,17;
577 3673 663 3764 πρὸς
685 3671 785 3744 αὐτὸν
807 3674 1022 3760 στασιάζουσι
1045 3677 1103 3744 καί
1127 3673 1320 3761 ἀπειθοῦσι,
1345 3681 1418 3758 πῶς
1441 3675 1472 3745 ci
1496 3675 1559 3759 ἔξω
1582 3681 1640 3767 τῆς
1661 3673 1769 3756 οἰκίας
1792 3671 1893 3743 αὐτοῦ
1915 3701 1943 3742 κ.
1960 3702 1989 3744 τ.
2007 3679 2038 3744 λ.

374 3783 457 3848 haec
481 3804 553 3847 cum
577 3804 596 3846 a
618 3783 775 3869 principio
804 3782 878 3847 libri
906 3805 971 3847 non
1000 3785 1135 3848 multum
1164 3784 1298 3866 distent,
1330 3783 1535 3848 statuendum
1560 3789 1610 3846 cst
1633 3783 1777 3847 codicem
1801 3783 1876 3846 olim
1900 3803 1919 3844 a
1943 3783 2039 3846 fastis

374 3887 533 3973 incepisse
567 3887 618 3951 vel
652 3893 741 3951 certe
773 3908 828 3951 000
861 3889 1106 3953 constitutiones
1136 3889 1207 3953 illas
1241 3889 1466 3975 praecessisse.
1521 3887 1563 3951 ad
1592 3869 1835 3951 constitutiones
1865 3885 1939 3949 fasti
1970 3907 2039 3950 non

375 3991 612 4076 pertinuerunt,
647 4011 719 4056 cum
755 4011 820 4054 non
849 3992 890 4056 ab
927 3990 1044 4055 eodem
1079 3993 1209 4056 librario
1240 3993 1495 4078 proficiscantur,
1527 3989 1586 4054 sed
1615 3990 1724 4075 scripti
1759 3991 1822 4054 sint
1853 3989 1886 4054 hi
1918 3988 2038 4052 litteris

374 4093 567 4175 uncialibus,
598 4093 858 4158 semiuncialibus
887 4096 978 4177 illae,
1012 4097 1088 4160 licet
1118 4118 1182 4160 non
1211 4116 1330 4181 magno
1358 4103 1393 4160 ut
1417 4095 1543 4160 videtur
1573 4095 1727 4179 temporis
1757 4093 1943 4172 intervallo,
1976 4091 2037 4156 sed

375 4204 431 4262 aut
464 4218 609 4262 seorsum
644 4197 814 4284 perscripti
846 4191 977 4262 ¹fuerunt
1010 4204 1065 4262 aut
1098 4199 1315 4262 adhaeserunt
1349 4199 1440 4283 operi
1475 4194 1601 4262 cuidam
1636 4195 1816 4282 deperdito.
1848 4233 1888 4241 —-
1917 4194 2037 4259 Fasto-

374 4321 445 4364 rum
477 4301 590 4364 folium
621 4322 693 4365 curn
726 4302 859 4387 incipiat
896 4302 965 4366 sine
1000 4302 1092 4366 titulo
1126 4303 1158 4366 in
1189 4302 1309 4388 pagina
1342 4322 1480 4382 summa,
1513 4304 1759 4386 praecesserunt
1795 4297 1924 4361 omnino
1956 4297 2038 4361 lolia
2076 4369 2087 4380 ἱ

375 4404 561 4491 deperdita;
595 4426 615 4469 a
648 4406 711 4470 linc
747 4406 864 4490 integri
898 4412 980 4470 sunt.
1038 4427 1095 4470 eos
1129 4427 1201 4471 cum
1238 4404 1430 4469 absolvisset
1462 4402 1610 4467 librarius
1644 4403 1763 4488 pagina
1798 4421 1890 4465 verse
1924 4401 2038 4465 media

372 4509 407 4574 in
429 4530 459 4575 a.
477 4512 554 4591 486,
585 4529 662 4573 mox
692 4529 805 4573 manus
840 4508 968 4573 diversa
998 4509 1118 4574 adiecit
1145 4509 1292 4572 consules
1322 4528 1350 4570 a.
1374 4509 1554 4570 487-494
1584 4525 1624 4568 00
1654 4503 1852 4588 sicquidem
1880 4503 2038 4589 paginam

374 4614 525 4698 explens,
563 4618 599 4675 ut
633 4614 718 4677 clare
753 4619 912 4698 appareat
944 4614 999 4677 illo
1034 4633 1118 4677 anno
1151 4613 1303 4675 volumen
1338 4615 1507 4673 exaratum
1542 4628 1613 4671 esse
1650 4613 1683 4670 et
1717 4613 1800 4698 post.
1826 4613 1898 4670 octo
1932 4627 2038 4672 anuos

373 4722 514 4782 auctum.
538 4753 580 4762 —-
603 4715 699 4790 Quod
720 4715 899 4782 Kruschius
929 4724 1040 4782 noster
1071 4715 1222 4804 (Studien
1251 4736 1310 4780 aar
1336 4709 1806 4776 0504047ἱο5-00444050740700500
1833 4709 2039 4792 Obroaolopie

372 4842 404 4907 p.
423 4820 495 4904 473)
520 4819 621 4884 fastos
636 4821 760 4885 rettulit
775 4821 817 4884 ad
832 4821 986 4908 paschale
1003 4819 1192 4886 Africanum
1212 4819 1363 4904 scriptum
1387 4837 1416 4882 a.
1433 4821 1495 4879 455
1520 4815 1553 4893 (l.
1570 4836 1597 4878 0.
1614 4836 1645 4900 p.
1663 4817 1724 4878 279
1738 4814 1832 4899 sem),
1857 4835 1896 4878 eo
1912 4815 2036 4898 nititur,

373 4924 460 5011 qnod
483 4923 525 4988 ab
550 4946 579 4988 a.
596 4927 658 4988 439
690 4926 837 4989 laterculi
860 4925 960 4989 nostri
989 4925 1094 5010 primo
1118 4922 1277 4988 secundus
1305 4920 1464 5006 paschalis
1492 4919 1576 4981 illius
1599 4919 1734 4981 circulus
1756 4917 1867 5002 incipit
1890 4924 1923 4982 et
1946 4917 2038 5003 quod

372 5051 456 5116 quae
480 5035 556 5116 post
579 5050 608 5095 a.
626 5035 689 5093 455
711 5029 886 5094 laterculus
909 5033 1020 5092 noster
1038 5026 1149 5107 habet,
1173 5047 1192 5089 a
1215 5025 1322 5110 priore
1346 5030 1439 5108 perte
1464 5021 1615 5085 differunt
1630 5018 1740 5084 addito
1757 5019 1799 5084 ad
1820 5021 2037 5106 imperatores

371 5135 519 5199 consules
543 5133 684 5219 Augusti
707 5133 876 5198 vocabulo.
924 5131 1031 5196 obstat
1054 5136 1164 5194 tamen
1187 5130 1402 5206 coniecturae,
1426 5124 1522 5212 quod,
1546 5131 1581 5188 ut
1605 5123 1752 5204 diximus,
1775 5124 1923 5189 laterculi
1946 5124 2036 5209 prin-

371 5238 489 5324 cipium
514 5238 633 5304 delicit.
680 5239 828 5302 consules
852 5243 925 5301 sunt
942 5234 1171 5300 Occidentales
1195 5232 1237 5296 ad
1259 5255 1288 5298 a.
1306 5235 1366 5296 484
1391 5229 1562 5316 perscripti
1585 5229 1728 5293 formulis
1751 5229 1909 5308 finalibus,
1934 5227 2037 5292 abeo

369 5342 444 5407 inde
468 5349 617 5430 tempore
647 5345 767 5429 passim
790 5343 836 5406 ita
859 5348 895 5406 ut
918 5341 1116 5426 singulorum
1139 5358 1294 5402 annorum
1323 5336 1486 5422 principiis
1510 5331 1773 5412 enuntiabantur,
1804 5333 1885 5396 sicut
1907 5331 2038 5416 plenius

370 5448 507 5533 exposui
529 5449 561 5511 in
586 5447 732 5512 Hermae
756 5447 819 5511 vol.
838 5451 855 5508 7
873 5466 904 5531 p.
922 5449 984 5510 476
997 5466 1065 5530 seq.
1089 5476 1128 5498 =
1153 5447 1230 5508 rim.
1246 5439 1472 5520 Forscbanqca
1496 5438 1591 5502 voli
1615 5459 1645 5522 p.
1660 5437 1798 5501 89-96.
1837 5455 2036 5522 quamquam

369 5551 453 5616 vitiis
469 5552 535 5616 suis
550 5551 727 5616 laterculus
742 5571 807 5614 non
823 5555 923 5632 caret,
948 5554 1066 5613 testem
1080 5549 1114 5612 in
1138 5567 1178 5611 eo
1195 5543 1352 5610 habemus
1370 5543 1542 5628 aequalem
1559 5540 1639 5604 etin
1654 5538 1836 5604 nominibus
1854 5537 2038 5606 scribendis

369 5657 463 5720 solito
488 5656 727 5720 correctiorem.
