4634 6286
414 393 472 454 104
1107 381 1324 438 AVC'I'ARIVM
1342 383 1363 438 I.

408 561 526 645 ligatus
548 560 647 644 igitur
668 559 709 623 ab
732 559 810 644 ipsis
835 557 964 621 domum
988 577 1136 620 reversus
1160 562 1219 636 est,
1244 554 1301 620 sed
1325 576 1499 641 numquam
1515 563 1632 642 postea
1655 577 1784 620 sensum
1808 557 1940 642 recepit.
1977 555 2062 620 vidi-

409 684 479 728 mus
502 682 642 748 namque
666 683 741 726 eum
764 682 823 746 per
845 661 959 746 viginti
982 680 1083 724 anuos
1098 659 1187 724 nullo
1212 661 1281 744 tegi
1295 659 1493 742 indumento,
1516 681 1580 724 nou
1604 660 1720 742 tunica,
1743 679 1807 724 non
1830 661 1973 742 camisia,
1996 680 2064 723 non

409 769 645 848 calceamento,
681 765 739 830 sed
773 765 854 828 miro
888 763 986 827 modo
1019 769 1143 827 aestate
1176 769 1209 827 et
1239 762 1347 828 bieme
1381 763 1502 828 nudum
1533 762 1695 828 incedere.
1740 763 1814 828 huie
1850 765 1876 828 si
1906 765 1976 850 quis
2003 785 2063 850 pro

409 872 628 937 misericordia
655 870 787 957 aliquod
817 870 1039 935 indumentum
1066 870 1284 956 porrexisset,
1306 870 1378 952 ille,
1410 871 1437 934 si
1460 870 1542 935 sorte
1572 870 1631 935 sub
1654 871 1771 936 arbore
1794 868 1931 934 sedisset
1953 870 2007 933 val
2028 869 2063 932 iu

409 977 554 1063 quolibet
576 978 658 1058 loco,
681 996 745 1040 non
762 973 961 1057 discedebat,
978 974 1082 1039 donec
1097 975 1203 1060 ipsum
1221 973 1443 1038 indumentum
1460 974 1589 1038 omnino
1606 973 1797 1040 discidisset.
1840 979 1874 1038 et
1889 973 1914 1037 si
1931 971 2063 1059 quidem
2105 993 2118 1030 ι

408 1082 538 1145 laneum
561 1080 614 1144 vel
637 1081 758 1144 lineum
782 1078 911 1162 luisset,
934 1079 966 1142 in
989 1079 1059 1165 ipso
1083 1078 1153 1143 loco
1180 1077 1338 1142 diffilabat
1362 1099 1451 1160 eum,
1474 1079 1600 1142 sivero
1623 1079 1813 1165 pelliceum,
1837 1083 1871 1141 et
1892 1077 1997 1162 ipsum
2021 1076 2064 1141 ad

389 1185 542 1266 ,nihilum
564 1182 745 1268 redigebat.
789 1183 899 1268 itaque
923 1188 957 1246 et
971 1183 1102 1246 aestatis
1118 1183 1292 1246 immensos
1313 1183 1437 1246 calores
1453 1189 1550 1267 atque
1565 1182 1783 1248 intolerabilia
1799 1181 1915 1246 hiemis
1931 1180 2062 1266 frigora,

409 1289 490 1354 sicut
521 1286 677 1368 diximus,
707 1302 766 1372 par
796 1287 915 1350 multos
942 1307 1044 1350 annos
1066 1286 1171 1351 nudus
1200 1286 1353 1351 incedens
1383 1287 1470 1350 domi
1492 1287 1634 1372 lorisque
1658 1287 1800 1372 pertulit.
1846 1283 2063 1350 oineffabilis

410 1391 529 1457 Christi
559 1390 744 1454 clementia!
770 1410 788 1453 o
817 1389 970 1454 bonitatis
994 1395 1027 1453 ct
1049 1389 1288 1454 misericordiae
1311 1390 1410 1474 ipsius
1441 1390 1701 1455 immensitaslo
1732 1389 1821 1455 beati
1850 1386 1966 1453 Gildae
1990 1389 2062 1472 glo-

410 1496 496 1560 riosa
527 1495 657 1575 merita,
681 1513 764 1578 quae
797 1493 842 1556 sie
873 1493 907 1556 in
939 1513 1003 1556 uno
1033 1493 1214 1579 eodemque
1242 1493 1372 1558 homine
1405 1499 1438 1557 et
1459 1495 1595 1579 puniunt
1618 1493 1750 1558 crimina
1773 1498 1806 1556 et
1828 1492 2063 1578 impios-casti-
2093 1509 2119 1548 ιο

411 1604 500 1682 gant,
522 1617 563 1661 ne
587 1597 702 1661 similia
725 1596 832 1660 faeere
855 1603 1072 1682 praesumant,
1094 1618 1135 1661 ne
1159 1597 1306 1662 similiter
1326 1598 1512 1683 puniantur!
1553 1597 1713 1663 credimus
1729 1604 1838 1662 autem
1854 1597 1957 1662 virum
1973 1596 2063 1660 illum
2175 1610 2178 1616 ’

412 1721 471 1787 per
493 1701 573 1782 hoc,
599 1700 684 1786 quod
708 1699 788 1764 deus
811 1721 875 1764 non
898 1700 1039 1765 vindicat
1067 1701 1116 1766 bis
1144 1701 1177 1764 in
1205 1701 1238 1766 id
1261 1702 1384 1787 ipsum,
1408 1703 1532 1766 salvum
1555 1722 1614 1788 pro
1637 1701 1689 1767 dei
1713 1699 1932 1765 misericordia
1956 1698 2063 1764 fuisse.

352 1806 392 1867 40
410 1803 584 1868 Festivitas
607 1803 784 1867 beatissimi
809 1803 942 1884 Gildae,
973 1824 1037 1889 qua
1065 1804 1106 1868 dc
1134 1805 1214 1868 mari
1243 1805 1433 1869 translatum
1459 1811 1508 1868 est
1532 1827 1648 1891 corpus
1672 1806 1758 1884 cius,
1782 1803 2065 1891 appropinquabat

411 1915 445 1973 et
468 1909 605 1993 populus
628 1906 768 1992 undique
793 1909 956 1972 confluens
984 1908 1027 1972 ad
1055 1908 1142 1973 diem
1171 1909 1289 1974 festum
1314 1931 1481 1974 occurrere
1514 1909 1697 1974 festinabat.
1741 1914 1817 1972 tune
1840 1907 1986 1993 quidam,
2010 1907 2065 1992 qui

411 2011 465 2076 diu
495 2011 527 2074 in
562 2011 648 2076 lecto
681 2010 826 2076 iacuerat
857 2012 948 2096 gravi
975 2012 1127 2077 detentus
1158 2013 1360 2094 infirmitate,
1390 2034 1462 2078 cum
1493 2012 1619 2078 videret
1646 2014 1766 2078 vicinos
1790 2018 1823 2076 et
1846 2012 1965 2075 amicos
1988 2032 2063 2075 suos
2092 2037 2118 2076 rs

410 2135 585 2204 properare
609 2114 652 2180 ad
675 2114 760 2179 diem
785 2115 914 2198 festum,
938 2115 1110 2197 clamabat,
1133 2122 1170 2179 ut
1193 2137 1227 2180 re
1252 2115 1294 2180 ad
1318 2123 1463 2181 sanctum
1484 2117 1590 2181 locum
1607 2116 1770 2181 ducerent.
1815 2113 1945 2179 dicebat
1969 2115 2063 2196 enim,

411 2219 513 2306 quod,
542 2219 569 2282 si
599 2218 700 2282 sancti
729 2219 789 2283 viri
817 2220 1000 2304 sepulcrum
1032 2220 1219 2305 confingere
1251 2221 1437 2302 meruisset,
1466 2242 1543 2285 mox
1565 2221 1696 2285 sanitati
1718 2219 1922 2284 redderetur:
1946 2219 2008 2283 hoc
2031 2239 2065 2282 se

411 2323 561 2405 eredere,
596 2322 680 2387 hanc
712 2322 810 2386 fidem
846 2345 881 2387 sc
915 2323 1038 2388 habere
1074 2323 1264 2388 testabatur.
1322 2323 1478 2389 adductus
1506 2325 1615 2410 itaque
1647 2325 1688 2388 ab
1721 2323 1830 2388 amicis
1860 2328 1910 2386 cst
1934 2327 2065 2386 etanta

412 2427 593 2512 sepulerum
624 2426 714 2489 beati
742 2424 859 2489 Gildae
890 2425 1023 2511 positus.
1081 2445 1153 2489 oum
1183 2447 1260 2489 vero
1285 2427 1414 2511 vigiliae
1446 2428 1646 2492 sollemniter
1679 2426 1921 2491 celebrarentur
1949 2433 1983 2490 et
2011 2426 2065 2490 ille

413 2537 488 2594 ante
513 2535 658 2593 sanctum
681 2530 804 2594 iaceret
826 2529 1023 2614 sepulcrum,
1048 2529 1153 2592 subito
1184 2550 1218 2593 se
1243 2529 1422 2594 extendeus
1451 2532 1483 2594 in
1511 2532 1628 2596 mortui
1650 2530 1782 2595 modum
1805 2529 1949 2614 diriguit,
1973 2530 2064 2615 plan·
2093 2557 2119 2598 so

413 2653 492 2718 gere
517 2632 663 2714 cessavit,
689 2633 757 2695 eius
781 2632 864 2696 oculi
887 2633 993 2696 evomi
1015 2640 1117 2714 erant,
1143 2633 1244 2719 pedes
1267 2655 1380 2698 manus
1403 2642 1517 2721 peonis
1538 2635 1757 2720 frigescebant
1779 2641 1813 2698 et
1835 2639 1904 2698 toto
1929 2654 2064 2720 corpore

412 2743 558 2802 mortuus
582 2755 654 2800 esse
677 2735 858 2804 videbatur.
905 2737 1019 2822 populi
1040 2737 1221 2822 multitudo,
1246 2760 1328 2824 quae
1353 2740 1625 2822 circumdederat,
1649 2738 1889 2805 conclamabat:
1913 2737 2064 2822 quoniam

413 2847 557 2905 mortuus
581 2845 641 2922 est,
666 2839 793 2904 educite
818 2861 892 2905 cunr
916 2841 1013 2908 foras.
1056 2841 1155 2926 igitur
1177 2843 1428 2908 vociferantibus
1450 2845 1512 2908 illis
1536 2852 1570 2908 et
1586 2845 1671 2909 circa
1687 2864 1760 2908 eum
1776 2843 1880 2928 magis
1896 2841 2064 2926 magisque

414 2965 486 3010 sese
511 2943 796 3030 comprimentibus
819 2965 891 3008 cum
914 2965 1011 3008 nemo
1034 2965 1140 3030 neque
1164 2967 1295 3010 manum
1317 2967 1439 3032 ponere
1463 2969 1568 3034 neque
1592 2947 1635 3012 ad
1659 2969 1732 3012 eum
1756 2968 1835 3033 prae
1859 2944 2064 3010 multitudine

414 3046 570 3112 accedere
600 3069 660 3133 per
690 3054 756 3113 tres
791 3048 859 3112 fere
889 3049 985 3113 horas
1013 3055 1139 3134 posset,
1168 3049 1300 3114 tandem
1330 3050 1508 3116 ascendens
1535 3051 1663 3137 quidam
1694 3073 1737 3116 ex
1766 3050 1931 3115 monachis
1956 3049 2065 3114 Iunior
2092 3073 2119 3114 ss

413 3152 543 3216 nomine
568 3157 602 3216 et
624 3151 786 3237 accipiens
808 3150 960 3216 baculum
984 3154 1087 3216 sancti
1109 3153 1140 3216 in
1164 3175 1261 3218 manu
1284 3175 1341 3217 sua
1365 3173 1440 3218 eum
1463 3156 1558 3219 tertio
1582 3155 1721 3239 signavit
1744 3175 1816 3219 cum
1840 3153 1956 3218 baculo
1973 3151 2064 3237 signo

414 3261 545 3320 sanotae
568 3255 679 3318 crucis.
725 3254 811 3318 illico
841 3256 1030 3320 mirantibus
1058 3258 1179 3322 cunetis
1208 3257 1314 3322 erexit
1341 3278 1376 3322 se
1399 3264 1497 3344 atque
1522 3257 1617 3322 dixit:
1650 3279 1727 3323 num
1757 3256 1833 3342 quid
1855 3277 1919 3320 non
1942 3255 2066 3320 vidistis

414 3361 547 3426 beatum
563 3359 693 3426 Gildam
717 3367 856 3427 stantem
880 3383 978 3449 super
998 3363 1095 3428 istum
1118 3363 1260 3449 lapidem
1284 3371 1317 3430 et
1340 3386 1398 3429 sua
1420 3387 1473 3430 me
1496 3387 1592 3430 manu
1609 3366 1811 3451 erigentem?
1851 3368 1926 3426 tune
1940 3360 1973 3424 in
1989 3380 2066 3424 con-

416 3471 529 3551 spectu
560 3464 702 3529 omnium
729 3486 825 3530 sanus
857 3473 955 3552 atque
983 3468 1129 3553 gaudens
1159 3471 1298 3534 surrexit
1331 3477 1364 3534 et
1390 3491 1488 3534 manu
1515 3490 1573 3534 sua
1602 3467 1753 3534 deferens
1777 3465 1946 3532 candelam
1970 3483 2068 3549 super

416 3569 519 3633 altare
542 3568 651 3654 posuit
674 3575 707 3632 et
731 3570 786 3654 qui
809 3570 944 3636 aliorum
967 3572 1116 3637 manibus
1139 3572 1181 3637 ad
1205 3579 1350 3638 sanctum
1375 3573 1532 3639 deductus
1562 3573 1668 3637 linerat
1697 3572 1878 3659 sepulcrum
1901 3570 2068 3653 languens,
2096 3591 2123 3631 so

415 3672 481 3736 suis
511 3670 650 3757 pedibus
679 3671 810 3737 domum
838 3696 934 3739 sanus
962 3676 1134 3740 revertitur
1164 3676 1319 3762 gaudens.
1369 3678 1452 3742 hano
1480 3699 1558 3742 vero
1580 3678 1732 3742 virtutem
1763 3696 1834 3740 oum
1858 3677 1973 3760 postea
1995 3691 2070 3734 nar-

416 3796 523 3839 rarem
552 3774 713 3840 nobilibus
744 3777 936 3861 quibusdam
965 3785 1040 3843 ante
1072 3781 1243 3845 ecclesiam
1273 3781 1475 3862 Plomorcat,
1499 3781 1553 3844 ille
1577 3779 1671 3844 affuit
1699 3785 1733 3844 et
1755 3774 1959 3843 iureiurando
1983 3773 2070 3838 affir-

415 3878 528 3943 mabat
556 3879 603 3942 ita
634 3878 749 3960 fuisse,
782 3881 864 3945 sieut
893 3881 1052 3947 dicebam.
1098 3883 1276 3948 Notissima
1304 3903 1356 3948 res
1386 3891 1435 3948 est
1458 3890 1491 3949 et
1514 3905 1573 3971 per
1597 3889 1728 3948 cunetas
1749 3887 1860 3969 partes
1883 3879 2070 3944 Britanniae

415 3982 563 4067 vulgata,
590 3989 643 4062 ut,
677 3983 703 4046 si
736 3983 769 4046 in
801 3986 971 4069 parrochia
992 3987 1045 4050 vel
1075 3988 1172 4052 etiam
1203 3989 1235 4053 in
1268 3989 1375 4073 aliqua
1406 3989 1538 4073 regione
1562 3987 1742 4053 mortalitas
1766 3983 1963 4064 incubuerit,
1986 3982 2072 4046 illius

416 4085 616 4150 habitatores
645 4085 686 4150 ad
715 4086 809 4150 huius
836 4089 1070 4154 sanctissimum
1099 4091 1274 4176 confugere
1303 4092 1409 4155 locum
1443 4097 1541 4176 atque
1575 4111 1595 4154 a
1627 4090 1690 4155 deo
1724 4088 1847 4153 ibidem
1879 4087 1947 4151 sine
1972 4084 2069 4149 dubio
2097 4114 2123 4153 ss

415 4190 617 4275 praestolare
641 4191 830 4257 remedium.
876 4193 1030 4258 veniebat
1052 4215 1110 4279 pro
1128 4194 1244 4259 eadem
1261 4215 1358 4259 causa
1381 4194 1421 4258 de
1437 4195 1575 4259 Ilfintino
1591 4193 1761 4258 multitudo
1777 4191 1893 4278 plebis,
1916 4188 2072 4254 sedunus

417 4314 459 4358 ex
482 4293 559 4378 ipsis
582 4294 711 4359 nomine
727 4295 879 4380 Dongual
903 4297 1009 4361 subita
1026 4297 1141 4362 eadem
1159 4298 1251 4363 clade
1267 4318 1438 4383 percussus
1464 4297 1582 4362 cecidit
1605 4304 1638 4360 et
1655 4303 1730 4360 ante
1747 4295 1917 4359 ecelesiam
1933 4291 2072 4357 Sarthau

417 4397 580 4462 remansit.
620 4399 697 4463 socii
713 4419 790 4463 vero
808 4401 907 4486 ipsius
923 4421 995 4464 cum
1012 4402 1055 4466 ad
1071 4407 1216 4466 sanctum
1231 4402 1396 4466 venissent
1411 4400 1526 4482 locum,
1543 4406 1740 4486 rogaverunt
1762 4418 1826 4479 me,
1849 4403 1884 4462 ut
1900 4396 2071 4476 sababum,

416 4521 480 4586 quo
505 4521 579 4565 eum
602 4500 783 4584 deferrent,
808 4504 1076 4586 transmitterem,
1102 4503 1188 4590 quod
1212 4511 1245 4568 et
1267 4504 1338 4568 feei.
1385 4503 1542 4568 adductus
1565 4505 1674 4589 itaque
1699 4511 1770 4585 est,
1803 4499 1862 4565 sed
1888 4500 1962 4586 quia
1985 4505 2070 4563 stare

414 4628 480 4671 non
502 4611 646 4692 poterat,
677 4606 710 4669 in
738 4605 833 4670 domo
865 4607 1027 4693 hospitum
1051 4608 1226 4672 collocatur
1251 4612 1309 4671 est.
1356 4613 1426 4671 erat
1449 4613 1558 4671 autam
1586 4605 1630 4670 ad
1657 4605 1832 4671 videndum
1853 4604 2014 4669 horribilis
2038 4609 2071 4667 et
2098 4628 2125 4668 ιο

416 4711 606 4796 sanguinem
628 4731 773 4777 vomens.
818 4731 913 4775 nemo
939 4731 1013 4775 eum
1035 4712 1193 4795 usquein
1217 4710 1389 4775 crastinum
1420 4710 1529 4774 vivere
1560 4709 1727 4795 sperabat,
1759 4708 1817 4773 sed
1845 4709 1910 4772 iam
1940 4707 2069 4791 iamque

416 4814 497 4878 mori
521 4813 781 4899 exspectabatur.
827 4813 911 4878 hune
933 4814 1102 4878 visitatura
1125 4819 1240 4878 ouucta
1263 4811 1471 4897 congregatio
1489 4813 1577 4876 venit
1602 4817 1736 4896 oratque
1759 4832 1817 4898 pro
1842 4832 1881 4874 co
1906 4809 2070 4874 dominum

416 4924 449 4982 et
473 4918 546 4982 oleo
570 4924 681 4982 saneto
706 4918 865 5004 perungit.
910 4917 963 4981 hie
986 4918 1095 5003 itaque
1119 4916 1160 4980 ab
1183 4916 1239 4980 illa
1262 4915 1343 4979 hora
1366 4914 1522 5000 paulatim
1546 4913 1588 4977 ad
1613 4935 1647 4978 se
1671 4912 1766 4978 rediit
1789 4919 1822 4977 et
1839 4914 1924 4978 vires
1947 4913 2071 4998 recepit

417 5029 449 5087 et
472 5029 546 5109 post
569 5023 693 5108 aliquos
722 5021 792 5086 dies
825 5043 868 5086 ex
895 5023 1020 5106 integro
1051 5021 1181 5085 sanitati
1211 5026 1260 5084 est
1283 5019 1437 5084 redditus.
1484 5017 1560 5081 socii
1586 5018 1654 5082 eius
1678 5016 1719 5081 ad
1743 5018 1873 5103 propria
1896 5015 2071 5082 redeuntes

416 5128 510 5191 uxori
535 5127 603 5192 eius
626 5132 788 5192 mortuum
813 5147 886 5191 eum
911 5126 1009 5190 fuisse
1034 5133 1067 5191 et
1090 5124 1177 5212 apud
1200 5130 1346 5188 sanctum
1362 5123 1492 5188 Gildam
1515 5122 1676 5207 sepultum
1701 5121 1860 5186 dixerunt.
1906 5121 1995 5185 venit
2015 5121 2071 5185 illa
2098 5146 2124 5185 n

417 5232 642 5316 eleemosynas
664 5252 723 5317 pro
748 5230 855 5296 anima
878 5231 937 5294 viri
960 5231 1009 5294 sui
1033 5229 1167 5310 factura,
1191 5226 1250 5292 sed
1267 5249 1363 5314 quem
1381 5226 1534 5314 sperabat
1550 5232 1721 5308 mortuum,
1738 5227 1859 5290 invenit
1880 5246 1945 5290 non
1968 5224 2071 5287 solum

415 5336 590 5416 viventem,
614 5355 727 5399 verum
751 5333 850 5399 etiam
874 5333 1086 5397 sanissimum.
1132 5331 1187 5410 sie,
1211 5331 1255 5394 sic
1279 5331 1433 5416 operaris,
1458 5329 1538 5394 deus
1561 5335 1680 5410 noster,
1704 5329 1737 5391 in
1761 5329 1879 5392 sanctis
1895 5327 1963 5391 tuis·
1973 5331 2071 5412 atque
2138 5399 2139 5402 Ἴ

416 5438 576 5504 mirabilia
598 5459 716 5522 magna
739 5439 827 5502 solus
850 5436 938 5500 facis.
983 5437 1154 5500 revertitur
1184 5435 1293 5519 itaque
1324 5435 1371 5498 vir
1397 5434 1451 5498 illc
1481 5454 1552 5497 cum
1586 5453 1688 5496 uxore
1717 5453 1774 5495 sua
1804 5429 1950 5517 gaudens
1973 5435 2070 5515 atquc

416 5573 557 5580 ...ἐο-

519 5645 552 5699 31
572 5643 643 5716 ucro]
661 5663 722 5714 orgo
735 5644 761 5697 B
866 5643 900 5696 35
919 5645 966 5696 loc.
986 5661 1006 5695 a.
1024 5643 1091 5696 conf.
1104 5643 1138 5693 Μ
1239 5640 1273 5693 36
1292 5642 1442 5708 praestolari
1454 5640 1488 5690 M
