4634 6286
932 278 1021 335 VITA
1040 281 1181 338 GILDAE.
1843 295 1883 356 93

231 445 431 540 aggregatae
460 472 537 516 aves
566 451 709 516 marinae
738 473 778 516 ea
807 461 983 538 coepemnt
1013 454 1193 521 devastare.
1248 457 1333 543 quod
1358 479 1430 522 cum
1454 460 1581 525 videret
1603 467 1697 546 pater
1719 461 1883 544 Hildutus,

230 560 398 644 praecepit
421 557 585 644 discipulis
618 559 682 620 suis
712 577 784 621 oum
808 563 931 621 terrore
956 579 1012 622 aas
1035 559 1179 644 effugare
1204 569 1302 648 atque
1325 582 1586 651 unumquemque
1611 586 1723 630 eorum
1748 565 1800 630 die
1824 587 1882 631 suo

230 668 377 748 segetem
406 661 577 726 custodire.
628 667 661 724 ιι
690 683 762 725 cnm
792 660 861 725 dies
891 662 1090 746 advenisset,
1124 666 1157 727 in
1190 686 1253 750 qua
1283 675 1430 752 segetem
1458 675 1642 732 servaturus
1670 677 1740 734 erat
1767 670 1883 735 beatus

230 767 364 847 Paulus,
393 767 465 852 plus
494 767 588 830 solito
620 765 751 829 advenit
780 765 903 830 hostilis
927 768 1034 830 avium
1058 769 1243 847 multitudo,
1268 791 1351 856 quae
1383 773 1502 857 passim
1526 793 1666 837 messem
1691 773 1884 838 devastabat

190 897 202 934 ι
230 870 404 936 tondendo.
454 875 488 934 at
514 875 624 934 contra
650 869 751 932 mirae
776 867 892 932 indolis
923 889 1004 955 puer
1032 870 1151 935 Paulus
1182 871 1244 937 hue
1273 874 1413 960 illucque
1450 874 1629 940 discurrens
1659 897 1730 940 cnm
1760 877 1884 960 ingenti

229 975 370 1039 clamore
401 995 457 1038 eas
489 972 654 1058 expellere
685 972 850 1037 nitebatur
884 994 944 1037 nec
976 975 1196 1058 praevalebat.
1247 977 1378 1042 tandem
1412 999 1490 1064 ergo
1519 980 1583 1044 iam
1612 980 1716 1043 lassus
1745 979 1884 1044 advocat

229 1080 342 1158 socios,
366 1079 484 1142 beatae
507 1077 684 1140 memoriae
706 1076 858 1140 videlicet
881 1074 1011 1140 Gildam
1035 1083 1132 1163 atque
1156 1078 1347 1145 Samsonem
1370 1082 1601 1165 venerandum,
1620 1083 1801 1147 huiusmodi
1827 1103 1883 1146 eos

228 1182 402 1246 adhortans
425 1180 642 1245 sermonibus:
667 1180 855 1260 succurrite,
882 1180 1013 1262 fratres,
1038 1184 1229 1263 succurrite,
1254 1184 1407 1249 carissimi
1431 1193 1464 1248 et
1488 1185 1605 1251 damna
1631 1207 1758 1252 mecum
1781 1188 1882 1250 nostri

228 1286 389 1350 vindicate
416 1285 571 1371 magistri.
618 1303 693 1349 ecca
723 1284 843 1348 etenim
872 1283 1011 1348 hostium
1041 1287 1211 1351 multitudo
1240 1290 1339 1352 nostri
1371 1291 1436 1354 late
1461 1294 1618 1357 consumit
1641 1299 1674 1357 ιι
1697 1292 1881 1377 depascitur

177 1415 202 1453 ιο
229 1398 359 1476 segetes
391 1389 540 1454 doctoris.
590 1389 709 1453 sentiat
739 1409 815 1474 ergo
844 1389 1034 1453 insatiabilis
1062 1390 1183 1476 praedo
1213 1391 1339 1457 debitas
1366 1415 1502 1479 poenas,
1532 1397 1586 1481 qui
1616 1397 1714 1460 nostri
1738 1397 1882 1481 magistri

229 1495 368 1558 vastavit
390 1495 514 1558 aristas.
558 1492 600 1557 ad
623 1493 712 1557 cuius
735 1512 850 1556 vocem
873 1491 1026 1556 advolant
1049 1495 1127 1558 socii
1151 1502 1183 1559 et
1197 1496 1346 1561 invocato
1363 1499 1492 1562 nomine
1509 1497 1627 1562 Christi
1647 1499 1882 1563 multitudinem

227 1597 455 1663 indomitarum
484 1598 590 1661 avium
623 1602 859 1681 congregantes
891 1602 966 1660 ante
995 1618 1029 1661 se
1061 1597 1114 1662 dei
1142 1599 1258 1663 virtute
1293 1602 1410 1686 repleti
1433 1604 1555 1667 minant
1578 1604 1670 1688 pueri
1692 1595 1907 1666 sanctissimi’

228 1709 392 1787 tamquam
420 1702 569 1766 inertium
599 1701 707 1765 ovium
736 1721 862 1786 greges.
921 1708 954 1764 at
983 1701 1038 1764 ubi
1067 1708 1198 1766 ventum
1223 1711 1272 1768 est
1296 1704 1337 1769 ad
1360 1706 1444 1769 senis
1474 1707 1710 1782 habitaculum,
1734 1707 1881 1791 captivae

229 1814 263 1870 et
284 1807 460 1870 indomitae
484 1827 561 1870 aves
586 1826 658 1869 cum
681 1803 938 1886 recluderentur,
967 1805 1000 1868 in
1032 1806 1157 1869 caelum
1188 1805 1266 1871 dant
1289 1829 1400 1872 voces:
1433 1830 1567 1894 quarum
1591 1812 1760 1896 strepitum
1785 1818 1881 1895 atque

176 1933 201 1972 ιι
228 1912 413 1996 clangorem
442 1910 575 1975 audiens
607 1931 709 1974 senex
745 1929 894 1994 egressus
929 1908 970 1972 ab
1000 1912 1138 1974 oratorio
1168 1910 1258 1975 videt
1285 1912 1338 1977 dei
1368 1914 1518 1978 virtutem
1550 1914 1789 2000 admiratusque
1818 1935 1881 1978 non

226 2017 393 2081 minimum
427 2022 548 2079 tantam
576 2015 609 2078 in
643 2034 816 2100 puerorum
850 2012 1001 2077 cordibus
1032 2013 1130 2079 fidem
1158 2015 1204 2079 ait
1231 2016 1306 2080 illis:
1338 2018 1447 2098 sinite,
1470 2019 1544 2098 filii,
1574 2020 1667 2083 sinite
1691 2039 1768 2082 aves
1791 2019 1881 2082 abire

226 2120 361 2184 liberas:
390 2122 455 2184 iam
483 2119 620 2184 sufficiat
648 2117 734 2204 quod
762 2119 807 2182 sic
838 2119 1019 2203 castigastis
1049 2119 1131 2182 illas.
1177 2120 1297 2185 abeant
1327 2122 1451 2187 liberae
1480 2130 1513 2187 et
1536 2124 1673 2209 amplius
1695 2124 1728 2187 in
1750 2124 1879 2187 nomine

226 2224 347 2289 domini
368 2233 493 2288 nostras
522 2229 652 2308 segetes
678 2242 742 2286 non
771 2229 979 2307 praesumant
1001 2221 1143 2286 laedere.
1191 2224 1289 2308 igitur
1310 2225 1484 2290 iussionem
1515 2227 1601 2290 senis
1635 2247 1699 2290 non
1723 2226 1881 2291 audentes

226 2349 379 2414 spernere
407 2348 483 2393 aves
513 2326 664 2390 dimissae
694 2327 792 2410 longe
820 2331 1023 2390 recesserunt
1051 2333 1084 2390 et
1115 2319 1249 2391 ulterius
1272 2329 1305 2392 in
1328 2329 1444 2393 eadem
1471 2330 1575 2394 insula
1598 2339 1726 2395 vastare
1749 2339 1879 2416 segetes

174 2451 200 2490 ao
225 2453 290 2497 non
319 2439 614 2519 praesumpserunt.
667 2450 749 2515 qnae
773 2430 876 2494 insula
898 2449 1000 2514 usque
1027 2431 1059 2493 in
1086 2429 1277 2495 hodiernum
1309 2431 1394 2496 diem
1423 2433 1537 2497 Lanna
1559 2433 1685 2498 Hilduti
1709 2436 1877 2498 vocitatur.

226 2536 363 2601 Sanctus
396 2537 495 2621 igitur
524 2533 638 2599 Gildas
667 2554 739 2598 oum
767 2554 827 2618 per
854 2533 979 2619 aliquos
1009 2553 1110 2597 annos
1144 2534 1176 2596 in
1208 2533 1354 2598 doctrina
1389 2536 1477 2600 beati
1506 2535 1633 2600 Hilduti
1664 2546 1918 2608 commoratusss

227 2642 339 2705 fuisset
362 2649 394 2706 et
418 2647 484 2704 tam
507 2638 736 2717 saecularibus,
759 2645 855 2722 prout
877 2658 929 2700 res
953 2637 1160 2722 suppetebat,
1184 2659 1279 2723 qnam
1298 2639 1412 2703 divinis
1436 2642 1598 2726 seripturis
1622 2640 1664 2705 ab
1689 2661 1729 2705 eo
1747 2642 1879 2726 optime,

227 2745 377 2830 quicquid
400 2745 460 2810 sibi
483 2767 502 2810 a
525 2745 632 2810 divina
654 2745 800 2808 bonitate
824 2743 982 2808 creditum
1004 2742 1124 2825 fuerat,
1150 2743 1284 2809 edoctus
1308 2752 1410 2826 esset,
1433 2746 1621 2811 valedicens
1650 2747 1701 2832 pio
1724 2746 1879 2830 magistro

226 2849 482 2935 venerandisque
513 2848 738 2934 condiscipulis
767 2848 841 2911 Iren
865 2848 1022 2932 perrexit,
1050 2855 1087 2911 ιιι
1115 2849 1305 2912 ιι·ιι1ἰοι·ιιιιι
1330 2849 1495 2914 doctorum
1520 2851 1696 2914 sententias
1718 2850 1750 2912 in
1773 2848 1878 2933 pbilo-

174 2971 199 3012 ιι
226 2953 366 3037 sophicis
389 2961 487 3037 atque
510 2954 542 3016 in
565 2952 679 3016 divinis
701 2953 816 3016 litteris
840 2952 1050 3036 investigator
1066 2952 1208 3016 curiosus
1226 2954 1422 3038 exquireret.
1470 2954 1566 3038 igitur
1580 2975 1652 3017 cunr
1669 2953 1878 3038 plurimorum

226 3056 393 3120 doctomm
417 3056 543 3120 scholas
566 3063 773 3142 peragrasset
798 3063 830 3120 et
854 3063 1019 3140 tamquam
1046 3057 1116 3141 apis
1146 3054 1397 3140 prudentissima
1424 3056 1622 3121 diversorum
1652 3058 1764 3119 flomm
1787 3075 1880 3118 sucos

225 3161 425 3245 collegisset,
454 3162 486 3225 in
516 3161 658 3254 alveario
687 3161 797 3224 matris
826 3160 984 3224 ecclesiae
1007 3157 1208 3240 recondidit,
1237 3161 1327 3224 utin
1351 3167 1497 3246 tempore
1521 3169 1701 3246 opportuno
1726 3159 1879 3223 melliflua

226 3265 387 3350 euangelii
410 3265 509 3330 verba
532 3266 564 3328 in
587 3265 723 3351 populos
747 3263 789 3328 ad
812 3284 952 3350 superna
974 3262 1095 3348 gaudia
1108 3263 1308 3328 revocandos
1327 3263 1509 3329 effunderet
1533 3270 1566 3327 ιι
1590 3271 1625 3328 ιιι
1641 3284 1760 3328 servus
1775 3263 1879 3327 bonus

225 3369 383 3432 talentum
412 3369 473 3433 sibi
500 3368 658 3433 creditum
688 3389 745 3433 suo
774 3367 903 3431 domino
933 3387 1004 3431 cum
1031 3366 1119 3430 luero
1143 3374 1335 3452 reportaret.
1382 3373 1511 3433 secutus
1533 3369 1643 3452 itaque
1668 3367 1878 3452 apostolicam

174 3492 200 3531 ao
227 3474 431 3552 sententiam,
456 3493 506 3554 ne,
532 3472 607 3537 dnm
630 3473 700 3536 aliis
724 3470 937 3557 praedicaret,
960 3471 1029 3556 ipse
1054 3470 1210 3556 reprobus
1226 3471 1432 3548 inveniretur,
1451 3471 1633 3556 castigabat
1655 3491 1770 3556 corpus
1786 3489 1878 3532 suum

224 3578 257 3640 in
278 3578 403 3642 ieiuniis
427 3585 460 3640 et
481 3577 662 3662 invigiliis,
685 3583 797 3640 noctes
820 3574 940 3639 ducens
962 3575 994 3637 in
1018 3573 1225 3656 orationibus,
1249 3581 1337 3638 stans
1362 3575 1430 3638 sine
1454 3577 1561 3660 aliquo
1586 3574 1794 3638 sustentaculi
1818 3571 1876 3636 ad-

225 3682 384 3747 miniculo.
430 3681 460 3744 A
484 3682 594 3767 quinto
618 3679 744 3744 decimo
768 3680 886 3743 aetatis
909 3698 987 3742 suae
1011 3697 1094 3742 anno
1119 3698 1178 3762 per
1203 3684 1307 3742 totum
1331 3679 1417 3742 vitae
1440 3680 1620 3763 praesentis
1643 3679 1792 3763 spatium,
1815 3691 1916 3761 quo'l

224 3785 257 3848 in
278 3785 338 3850 hoc
362 3787 443 3850 vixit
467 3784 596 3858 mundo,
620 3805 721 3870 usque
746 3783 788 3848 ad
812 3793 992 3847 extremum
1016 3781 1102 3846 diem
1124 3783 1301 3847 vocationis
1325 3802 1402 3847 suae
1427 3804 1446 3846 a
1470 3783 1600 3847 domino
1624 3789 1688 3858 ter,
1712 3787 1748 3845 ut
1771 3781 1878 3844 veraci

223 3891 380 3955 relatione
411 3889 597 3971 didicimus,
625 3890 658 3953 in
683 3888 890 3953 hebdomada
916 3887 1137 3973 parcissimum
1169 3888 1305 3972 sumpsit
1334 3888 1477 3973 corporis
1508 3887 1623 3951 eibum.
1669 3891 1778 3970 potest
1800 3904 1877 3947 vero

173 4009 197 4049 ιι
225 3995 360 4080 quilibet
384 3993 540 4060 discretus
564 3994 603 4059 de
628 4015 667 4058 eo
690 3993 909 4057 indubitanter
931 3992 1108 4070 affirmare,
1135 3991 1224 4076 quia,
1252 3992 1329 4055 licet
1361 3992 1391 4054 ei
1414 3990 1554 4056 defuerit
1576 3989 1703 4076 gladius
1725 4008 1878 4075 persecu-

224 4101 311 4182 toris,
336 4101 480 4185 martyrii
502 4107 611 4163 tamen
633 4098 775 4184 palmam
798 4118 862 4161 non
885 4096 1000 4160 amisit.
1047 4115 1122 4158 nam
1147 4093 1222 4158 dum
1239 4115 1357 4181 corpus
1379 4095 1499 4158 crebris
1515 4095 1640 4158 ieiuniis
1664 4100 1697 4157 et
1719 4093 1878 4179 protensis

224 4204 341 4288 vigiliis
364 4205 535 4289 affligeret,
559 4203 635 4267 dum
658 4208 753 4265 noete
777 4199 894 4286 dieque
918 4200 1003 4263 vitiis
1025 4200 1196 4262 resisteret
1220 4206 1253 4261 et
1268 4198 1467 4262 orationibus
1485 4199 1645 4275 insistens,
1670 4195 1744 4260 dum
1769 4202 1878 4258 contra

224 4305 345 4371 diaboli
368 4308 598 4393 temptationes
620 4307 834 4370 reluctaretur
864 4311 897 4367 et
919 4303 1091 4367 adversum
1121 4302 1263 4386 corporis
1292 4301 1341 4364 sui
1369 4300 1603 4366 delectationes
1627 4319 1819 4385 oppugnans
1842 4318 1876 4361 se

223 4414 328 4498 ipsum
352 4413 563 4494 excmciaret,
588 4410 666 4498 quid
688 4409 775 4474 aliud
799 4408 840 4472 de
864 4428 903 4472 eo
928 4406 992 4471 dici
1014 4413 1132 4491 potest,
1156 4406 1216 4469 nisi
1238 4405 1372 4490 longum
1394 4404 1484 4469 illum
1508 4406 1644 4470 traxisse
1667 4403 1877 4487 martyrium?

171 4531 209 4598 ⁴⁰,
224 4539 299 4582 nam
327 4524 361 4582 et
388 4518 456 4604 ipse
485 4517 546 4581 sibi
577 4523 610 4580 ιι
639 4521 828 4601 persecutor
849 4511 909 4576 fuit
938 4517 972 4576 ιι
994 4510 1237 4597 persecutiones
1261 4509 1321 4573 sibi
1348 4509 1457 4573 illatas
1480 4530 1538 4594 pro
1562 4506 1691 4572 Christo
1714 4507 1878 4591 patienter

222 4622 380 4690 sustinuit.
432 4621 535 4706 Igitur
565 4641 636 4684 cum
669 4618 712 4683 ad
745 4638 853 4682 sacros
886 4615 1014 4680 ordines
1045 4621 1210 4700 promotus
1239 4620 1326 4677 esset
1353 4621 1386 4677 et
1414 4613 1657 4700 presbyteratus
1688 4609 1915 4694 fungereturg

223 4726 344 4808 officio,
375 4724 509 4789 audiens
539 4723 626 4810 quod
655 4729 788 4808 gentes,
813 4740 896 4806 quae
919 4719 1137 4805 aquilonalem
1161 4718 1292 4803 plagam
1315 4716 1503 4781 Britanniae
1526 4716 1651 4780 insulae
1681 4712 1876 4788 incolebant,

222 4829 327 4895 adhuc
350 4829 463 4914 gentili
486 4849 595 4892 errore
619 4827 840 4891 detinerentur
863 4832 896 4888 et
919 4822 1006 4908 quod
1029 4823 1061 4886 bi
1085 4823 1193 4902 etiam,
1218 4821 1271 4905 qui
1287 4819 1482 4884 videbantur
1505 4821 1588 4884 inter
1612 4840 1666 4883 eas
1691 4816 1876 4892 Christiani,

222 4955 287 4998 non
317 4934 466 4998 catholici
494 4941 617 5014 essent,
648 4930 705 4995 sed
734 4931 868 4995 diversis
895 4929 1132 4993 haereticorum
1162 4925 1327 4989 fraudibus
1356 4925 1571 5004 irretirentur,
1602 4922 1762 5006 accipiens
1787 4921 1878 4983 iuxta

169 5057 195 5097 ιι
223 5040 362 5124 apostoli
384 5047 595 5124 praeceptum
619 5042 814 5100 armaturam
838 5033 901 5114 dei,
923 5039 960 5097 ut
981 5039 1093 5117 posset
1108 5031 1258 5094 resistere
1282 5030 1315 5091 in
1338 5028 1390 5092 die
1415 5029 1500 5092 malo
1524 5036 1559 5092 et
1582 5028 1614 5090 in
1637 5024 1784 5089 omnibus
1802 5043 1875 5109 per·
1889 5057 1994 5109 ipim,
2001 5059 2033 5099 1„

222 5143 326 5208 fectus
349 5150 445 5222 stare,
469 5141 510 5205 de
533 5139 652 5205 Christi
675 5137 834 5203 adiutorio
859 5136 1023 5202 confidens
1046 5135 1154 5220 coepit
1177 5133 1252 5197 illuc
1269 5151 1417 5217 pergere.
1463 5139 1551 5196 stans
1568 5137 1677 5194 autem
1696 5129 1877 5192 succinctus

219 5246 346 5309 lumbos
370 5245 486 5308 mentis
510 5245 594 5308 inter
616 5263 761 5329 paganos
785 5249 881 5326 atque
906 5238 1096 5312 haereticos,
1120 5235 1250 5301 indutus
1274 5236 1374 5299 lorica
1397 5236 1537 5299 iustitiae
1556 5243 1589 5297 et
1604 5233 1756 5297 calciatus
1772 5229 1874 5316 pedes

323 5487 458 5540 thermis
479 5504 525 5538 om.
541 5485 566 5536 B
669 5485 754 5536 illata
772 5502 821 5536 om.
835 5483 860 5533 B
968 5479 1001 5533 10
1019 5477 1214 5532 incessabilisB
1317 5472 1352 5526 20
1369 5474 1514 5532 uocatan
1618 5472 1652 5524 24
1670 5474 1706 5523 irc
1724 5473 1808 5538 coepit
1824 5489 1847 5521 o.
1861 5472 1877 5520 l.

219 5575 336 5642 apmlM
446 5571 481 5626 28
498 5581 524 5625 ct
542 5571 637 5624 omM
736 5569 772 5623 40
789 5581 815 5622 ct
832 5567 909 5638 pera]
928 5567 1033 5636 paral?
1136 5563 1169 5617 41
1190 5564 1332 5632 presbyteri
1346 5561 1371 5611 B
