4554 6316
812 1425 1534 1552 ADDITAMENTVM
1573 1430 1621 1550 Ι.

513 1707 1318 1816 rurraronlrrouasoou.
1358 1711 1656 1807 raersrur
1696 1711 1920 1804 uvrmn
2003 1661 2005 1666 ’

865 1967 866 1970 ψ
968 1867 1163 1962 surr.
1197 1867 1456 1964 uooxv.

393 2079 573 2141 andeolo
604 2075 726 2140 Adam:
755 2076 910 2142 LXVIII.
956 2078 1065 2144 Prima
1094 2085 1185 2144 aetas
1211 2079 1319 2145 Adam
1422 2101 1482 2167 per
1514 2079 1637 2144 infinita
1673 2081 1802 2144 5555515
1830 2079 2044 2144 saeculorum.

478 2185 660 2260 conspectus
688 2185 733 2244 cst
760 2203 815 2245 sec
841 2187 982 2247 55151551
1010 2185 1122 2249 maadi
1151 2183 1379 2266 comprehensis
1407 2155 1502 2248 ctihru
1530 2183 1664 2264 septimo
1691 2188 1720 2247 51
1748 2187 1858 2247 octova
1883 2181 2047 2264 [55555155

472 2285 676 2364 potissimum
697 2285 741 2348 ad
762 2285 888 2350 Badara
909 2288 1028 2367 ursam,
1052 2289 1207 2370 51155555
1230 2290 1325 2353 ctiam
1347 2294 1465 2370 5555151
1493 2287 1608 2369 capitis
1637 2308 1789 2352 55555555
1810 2289 2045 2369 praescriptas.

392 2394 467 2453 5515
489 2413 514 2454 5.
532 2391 614 2452 4885
636 2387 764 2454 Mortuo
781 2389 966 2455 Theodosio
982 2392 1069 2477 apud
1086 2391 1397 2480 Constantinopolim
1413 2392 1589 2457 Martianus
1612 2413 1632 2456 a
1654 2391 1807 2456 militibus
1831 2397 1865 2456 51
1887 2392 1929 2457 ab
1946 2411 2044 2456 exer-

480 2494 544 2557 oitu
572 2493 745 2579 instigante
775 2495 872 2558 etiam
902 2495 1106 2560 Pulcheriam
1134 2517 1276 2560 sororem
1306 2497 1495 2562 sublimatur
1522 2497 1555 2560 in
1581 2516 1682 2582 regno
1712 2502 1745 2559 et
1772 2497 1842 2582 ipsa
1872 2495 2047 2561 Pulcheria

477 2600 589 2682 regina
612 2599 749 2663 efficitur
771 2619 909 2686 eamque
926 2601 1171 2666 Valentinianus
1193 2600 1360 2686 Augustus
1382 2603 1415 2666 15
1438 2602 1621 2686 coniugium
1644 2600 1824 2685 assumpsit.
1871 2621 1909 2662 aa
1924 2597 2044 2664 Frede-

476 2702 625 2784 panacis
645 2701 664 2766 l.
681 2705 764 2785 2(3)
786 2727 811 2768 c.
828 2705 871 2767 52
886 2727 921 2785 p.
939 2709 989 2784 73,
1006 2708 1111 2768 9-11
1134 2705 1273 2772 Krusch.

393 2805 413 2869 1.
430 2829 457 2871 c.
477 2812 551 2886 post
574 2827 646 2875 ann.
662 2806 745 2872 VII:
770 2808 1019 2874 Oaloedonensis
1042 2810 1183 2896 synodus
1206 2811 1320 2895 agitur.
1365 2832 1404 2875 aa
1419 2809 1539 2875 Isidori
1559 2808 1715 2872 chronicis
1737 2809 1915 2890 epitomotis
1936 2829 1962 2873 c.
1978 2810 2045 2873 245

393 2911 551 2992 sequitur:
574 2909 669 2976 Anno
692 2911 741 2975 ΙΙο
764 2912 914 2979 Martiani
1042 2913 1145 2980 Attila
1167 2935 1226 2980 rex
1249 2915 1392 2979 moritur.
1438 2935 1477 2978 ea
1497 2912 1747 2995 Frcdcporiorris
1768 2914 1862 2998 2(3)‚
1881 2915 1922 2978 53
1939 2933 1973 2994 p.
1992 2913 2046 2994 75,

479 3022 575 3083 3-6.
962 3031 964 3035 ’

387 3127 462 3203 posi
490 3144 515 3188 c.
537 3125 602 3187 492
630 3122 790 3189 defertur:
821 3123 928 3211 [Anno
949 3125 1000 3190 III
1026 3123 1186 3214 Martiani]
1213 3124 1329 3190 Aetius
1358 3123 1436 3212 [dux
1466 3121 1510 3210 et]
1540 3123 1692 3210 patricius
1723 3145 1765 3187 m.
1789 3121 1828 3188 Ο.
1852 3144 1875 3185 r.
1900 3143 1931 3207 p.
1956 3122 2046 3187 salus

481 3227 701 3294 fraudolenter
728 3250 749 3293 a
771 3230 997 3296 Valentiniano
1027 3230 1059 3319 [a
1085 3253 1182 3296 manu
1210 3227 1352 3319 propria]
1385 3229 1547 3296 oooidihrr.
1598 3229 1692 3294 uncis
1722 3227 1848 3292 incluso
1878 3249 1942 3292 nora
1968 3233 2047 3292 sunt

480 3331 598 3396 Bodas.

387 3440 462 3516 posi
484 3457 509 3498 c.
525 3437 607 3498 493:
630 3433 752 3508 Quarto
776 3458 859 3500 anno
884 3435 1034 3502 Martiaui
1058 3486 1140 3505 ....
1165 3437 1328 3503 occiditur.
1372 3459 1411 3502 55
1432 3436 1681 3518 Flcdcporiorrrs
1704 3435 1724 3499 l.
1745 3457 1772 3502 c.
1791 3457 1824 3518 p.
1841 3436 1890 3513 75,
1906 3439 1936 3499 9.
1960 3439 2011 3506 10,

391 3539 550 3620 sequitur:
573 3538 611 3603 In
633 3541 705 3626 ipso
728 3563 811 3606 anno
828 3541 942 3605 Avitus
965 3590 1046 3606 ....
1068 3541 1235 3627 Augustus
1257 3543 1418 3628 apellatur
1433 3541 1662 3606 Romanorum.
1707 3539 1884 3606 Martianus
1910 3547 1944 3605 et
1958 3540 2039 3605 Ari·

481 3651 532 3710 tus
556 3645 732 3710 concordes
757 3698 763 3713 .
782 3696 813 3710 ..
833 3697 840 3712 .
862 3653 1002 3710 utuntur.
1048 3648 1124 3732 imp.
1146 3646 1365 3711 Theodericus
1389 3669 1447 3711 rex
1463 3646 1643 3712 Gothorum
1667 3647 1826 3711 amicitias
1849 3665 1921 3708 oum
1944 3644 2044 3710 Avito

481 3749 551 3813 iniit
574 3755 671 3835 atque
696 3770 738 3813 ex
762 3771 918 3814 consensu
941 3749 1030 3814 Aviti
1053 3771 1161 3814 curam
1184 3750 1262 3815 belli
1286 3756 1397 3815 contra
1421 3749 1544 3816 Suevos
1568 3752 1683 3837 caepit.
1736 3772 1775 3815 ac
1796 3748 2046 3830 Frcdcporiarsis

482 3855 580 3935 2(3),
598 3853 638 3914 54
654 3874 690 3933 p.
709 3855 759 3934 75,
777 3857 827 3916 13.
852 3857 901 3916 14.
924 3856 1063 3917 20-23.

389 3961 464 4037 post
481 3977 506 4020 c.
519 3959 583 4019 494
598 3956 668 4021 Leo
685 3978 756 4021 ann.
773 3956 885 4021 XVII:
908 3958 985 4022 ahbi
1000 3956 1090 4022 XVI.
1135 3955 1306 4045 Aegyptus
1323 3965 1357 4026 et
1371 3958 1572 4024 Alexandria
1588 3979 1696 4024 errore
1715 3957 1864 4023 Dioscuri
1879 3959 2047 4044 languens.

481 4060 604 4125 heresis
627 4061 823 4127 acefalorum
847 4062 955 4125 oritur.
1000 4083 1038 4126 55
1060 4060 1183 4126 Isidoro
1205 4083 1231 4125 c.
1247 4064 1321 4125 246.
1343 4064 1417 4125 247.
1440 4065 1515 4127 249.

395 4165 554 4247 sequitur:
583 4165 621 4228 In
651 4164 748 4229 Italia
774 4162 970 4230 Maiorianus
999 4164 1040 4229 A.
1063 4165 1231 4250 apellatur.
1276 4165 1376 4250 legati
1400 4187 1419 4230 a
1440 4165 1619 4230 Maioriano
1644 4214 1752 4231 .....
1775 4164 1962 4250 diriguntur.
2008 4186 2047 4228 55

481 4268 730 4350 55595515
752 4271 843 4351 2(s),
861 4271 900 4332 55
917 4257 954 4350 p.
971 4273 1020 4346 rc,
1038 4272 1067 4333 5.
1092 4272 1143 4332 10.
1166 4273 1219 4335 22.
1241 4273 1293 4332 23.

395 4373 555 4454 sequitur:
577 4371 626 4436 Eo
650 4378 797 4459 tempore
820 4373 985 4438 Brittones
1007 4423 1065 4439 ...
1089 4375 1214 4460 expulsi
1238 4380 1319 4438 sunt.
1365 4395 1404 4437 cc
1425 4373 1674 4456 Frcdcparioais
1692 4372 1712 4438 1.
1729 4377 1751 4436 3
1766 4373 1817 4453 (4)
1839 4375 1925 4436 512
1939 4393 1975 4453 p.
1993 4373 2045 4450 97,

482 4479 621 4554 29-98,
639 4481 668 4540 1.

396 4581 441 4645 cd
464 4603 489 4646 c.
508 4582 569 4644 505
584 4586 660 4663 post
682 4579 872 4646 Anastasius
895 4603 966 4646 ann.
983 4580 1144 4646 XXVIII:
1169 4581 1247 4646 ahbi
1267 4579 1408 4646 XXVII.
1453 4601 1492 4646 aa
1514 4580 1638 4646 Isidoro
1660 4602 1686 4645 c.
1701 4580 1775 4646 250.

389 4691 465 4769 post
487 4708 512 4751 c.
530 4687 593 4748 509
614 4686 658 4749 od
679 4685 843 4749 lustinum
866 4686 902 4750 I:
924 4685 1166 4772 Aoephalorum
1188 4685 1312 4750 heresis
1335 4684 1511 4749 abdicatur
1556 4706 1594 4747 ec
1617 4683 1742 4748 Isidoro
1765 4705 1790 4748 c.
1806 4685 1879 4748 253.

390 4794 465 4870 post
487 4811 512 4852 c.
530 4788 592 4852 515
616 4789 809 4853 Iustinianus
833 4838 889 4854 ...
912 4811 985 4853 ann.
1001 4787 1199 4853 XXXVIII:
1224 4788 1301 4852 alibi
1323 4786 1532 4852 XXXVIIII.
1578 4809 1617 4850 aa
1639 4787 1765 4852 Isidoro
1787 4809 1812 4852 c.
1828 4789 1901 4850 254.

391 4898 466 4975 post
487 4915 514 4959 c.
531 4893 593 4956 521
616 4893 660 4956 od
682 4893 845 4957 Irastiaom
868 4893 912 4956 ΙΙ
913 4915 922 4954 ;
945 4892 1079 4958 Armeni
1102 4893 1200 4957 fidem
1224 4891 1341 4956 Christi
1364 4891 1548 4976 suscipiunt.
1594 4912 1632 4954 aa
1655 4889 1780 4956 Isidoro
1801 4913 1826 4956 c.
1843 4893 1915 4954 257.

396 4999 440 5061 ad
462 4997 593 5062 suadem
608 5017 671 5077 pro
686 4996 833 5061 Bedoais
854 5021 879 5062 c.
896 4998 960 5062 522
981 4997 1121 5062 Totilam
1145 5045 1177 5061 ..
1197 5044 1229 5060 ..
1253 4997 1307 5083 qui
1331 4993 1460 5060 deinde:
1485 4993 1522 5058 In
1537 4995 1634 5059 Itaha
1647 5001 1722 5082 post
1735 4995 1921 5060 Athalarioo
1937 4993 2045 5058 Theu-

483 5100 578 5166 datus
606 5121 740 5187 regnum
770 5102 913 5166 ambivit.
965 5123 1027 5189 quo
1058 5101 1209 5167 (15155515
1239 5100 1346 5165 Totila
1375 5099 1529 5165 successit
1555 5099 1588 5162 in
1617 5121 1763 5185 regnum.
1817 5106 2046 5185 contraquam

483 5206 678 5270 lastinianus
708 5207 795 5270 misit
825 5205 976 5271 Nartisen
1006 5206 1187 5272 eunuohum
1217 5211 1250 5268 et
1280 5203 1500 5284 Belsuarium‚
1524 5225 1544 5268 a
1567 5203 1681 5290 quihus
1709 5203 1839 5268 Thotila
1860 5201 2047 5268 interficitur

484 5329 685 5396 regnumque
699 5309 878 5374 Gothorum
895 5310 927 5373 in
943 5309 1039 5374 Italia
1055 5309 1252 5374 destructum
1270 5313 1328 5372 est.
1368 5329 1406 5372 erc
1421 5307 1670 5389 Frcdcqoriarris
1684 5307 1703 5371 1.
1720 5310 1813 5389 3(4),
1828 5311 1871 5372 43
1878 5329 1915 5388 p.
1929 5308 2000 5383 106,
2015 5307 2046 5370 2.

485 5417 578 5491 6-8,
602 5413 656 5478 uhi
679 5420 784 5479 toraca
804 5435 869 5478 noa
889 5416 1076 5479 nominatur
1097 5411 1315 5478 Athalaricas.

400 5518 444 5580 ad
459 5518 591 5582 cundem
599 5540 662 5600 pro
677 5519 822 5583 Reducis
836 5540 862 5585 c.
880 5521 943 5584 523
958 5525 991 5582 51
1006 5519 1132 5604 scripsit
1155 5568 1162 5582 .
1181 5568 1187 5582 .
1206 5565 1238 5581 ..
1261 5516 1404 5581 Italiam:
1429 5537 1489 5581 555
1504 5517 1639 5581 multum
1659 5523 1733 5603 post
1756 5565 1763 5580 .
1782 5566 1789 5581 .
1807 5565 1813 5580 .
1832 5566 1840 5580 .
1862 5513 2048 5580 introduxit.

483 5642 522 5686 ex
542 5621 791 5706 Fredcporiarris
813 5621 833 5686 1.
855 5623 952 5707 3(4),
970 5622 1010 5685 65
1027 5621 1307 5704 p.110,22-27.
