4634 6286
390 392 431 455 98
1087 385 1306 441 sverasrvu
1325 387 1346 442 1.

391 562 529 648 spiciens
552 562 639 625 nullo
663 560 759 625 modo
784 581 949 624 assensum
974 561 1004 624 ei
1027 559 1193 644 praebuit,
1217 560 1275 625 sed
1297 563 1394 645 longe
1420 566 1587 646 promotus
1618 560 1659 624 ab
1683 582 1723 624 eo
1747 567 1811 638 est,
1834 581 1875 624 ne
1899 560 2047 646 quolibet

392 665 490 730 modo
513 685 573 750 per
595 665 875 730 interlocutionem
900 665 968 728 eius
991 664 1116 728 nobiles
1140 671 1174 728 et
1196 665 1357 752 principes
1381 666 1521 750 regionis
1548 665 1632 728 illius
1656 665 1783 750 penitus
1807 664 2046 750 deciperentur.

390 775 424 833 at
446 770 515 855 ipse
539 769 705 855 praelatus
729 773 881 853 tyrannus
904 788 968 830 uon
991 766 1102 830 valens
1125 768 1310 853 pertingere
1334 768 1461 833 adhoc
1484 767 1570 854 quod
1593 768 1729 855 petebat
1752 768 1838 832 misit
1866 766 1909 831 ad
1940 787 2044 853 quen-

392 873 467 938 dam
489 872 684 959 principem,
717 877 753 936 ut
774 872 867 934 multi
889 876 991 935 testes
1014 875 1088 934 sunt
1109 870 1239 953 fideles,
1262 873 1392 938 nomine
1407 871 1601 954 Werocum,
1631 870 1803 948 mandans,
1832 877 1990 956 quatenus
2015 873 2046 935 ei

392 977 484 1041 daret
517 976 550 1038 in
582 974 766 1058 coniugium
797 974 894 1038 filiam
928 994 1028 1038 suam.
1086 974 1173 1059 quod
1208 996 1280 1040 oum
1297 975 1457 1041 Werocus
1482 975 1716 1040 Venetensium
1749 993 1858 1039 comes
1889 974 2044 1059 audisset,
2085 1008 2097 1044 ι

390 1081 498 1144 statim
522 1078 564 1143 ad
588 1079 817 1143 internuntium
841 1079 909 1143 eius
932 1078 1043 1142 retulit
1066 1077 1192 1142 dicens:
1217 1079 1380 1164 quomodo
1404 1099 1534 1165 possum
1559 1079 1635 1144 dare
1656 1078 1754 1142 filiam
1768 1099 1875 1143 meam
1891 1100 2045 1144 mucrone

392 1182 512 1248 domini
538 1183 638 1247 vestri
666 1182 806 1247 nefando
834 1182 1111 1248 interficiendam?
1149 1203 1224 1247 num
1255 1183 1332 1268 quid
1360 1204 1424 1246 non
1453 1183 1561 1247 audivi
1593 1188 1752 1268 stragem,
1783 1203 1879 1268 quam
1903 1183 1979 1247 feeit
2003 1183 2045 1248 de

390 1287 590 1368 mulieribus,
615 1303 698 1372 quae
722 1286 782 1350 sibi
806 1287 934 1352 fuerant
957 1289 1152 1373 copulatae?
1191 1308 1396 1373 nequaquam
1419 1287 1454 1351 id
1476 1288 1607 1351 faeiem:
1631 1287 1698 1350 tilia
1715 1287 1800 1350 enirn
1817 1307 1891 1350 mea
1907 1292 2045 1350 mortem

331 1395 367 1454 21
390 1412 455 1456 non
476 1392 629 1469 incruret,
653 1390 729 1454 dum
752 1390 794 1454 ab
819 1411 858 1455 ea
882 1396 996 1477 potero
1021 1411 1094 1456 eam
1118 1392 1312 1477 propellere.
1360 1391 1514 1476 Regressi
1533 1393 1643 1476 itaque
1659 1391 1761 1454 nundi
1785 1389 1826 1454 ad
1842 1390 2044 1476 praedictum

390 1495 574 1561 maleficum
601 1494 779 1558 retulerunt
803 1515 886 1580 quae
911 1495 957 1559 eis
973 1494 1134 1558 Weroeus
1150 1493 1287 1577 dixerat.
1332 1496 1388 1560 ille
1412 1501 1521 1560 autem
1545 1515 1609 1558 non
1625 1494 1785 1559 desistens
1808 1493 1849 1558 ab
1873 1493 1934 1558 hoc
1958 1493 2045 1578 quod
2074 1521 2100 1559 ιι

392 1601 561 1686 inceperat
593 1599 710 1662 iterum
741 1604 839 1683 atque
872 1599 989 1663 iterum
1009 1597 1151 1663 Weroco
1179 1598 1312 1663 mandat
1339 1598 1465 1663 dicens:
1497 1619 1714 1684 quoscumque
1745 1598 1884 1662 volueris
1915 1598 2046 1662 obsides

391 1697 446 1768 vel
466 1701 672 1767 fideiussores
695 1702 754 1766 tibi
778 1702 879 1784 dabo,
911 1707 1034 1767 tantum
1067 1703 1118 1768 lae
1141 1701 1227 1787 quod
1250 1723 1358 1788 posco.
1404 1703 1455 1768 cui
1469 1702 1644 1767 Werocus:
1674 1723 1756 1766 vana
1780 1707 1830 1766 est
1851 1703 1965 1788 petitio
1990 1709 2045 1766 tua

396 1813 429 1870 et
450 1807 569 1870 ‘frustra
594 1804 765 1892 rogitando
788 1805 927 1869 laboras.
972 1806 1032 1869 nisi
1056 1806 1140 1870 enim
1163 1805 1295 1870 beatum
1311 1807 1414 1870 virum
1428 1805 1558 1871 Gildam
1574 1807 1653 1871 milri
1668 1806 1889 1871 fideiussorem
1907 1806 2045 1884 dederis,

392 1911 522 1975 minime
547 1909 633 1995 quod
657 1910 784 1994 quaeris
808 1908 1007 1994 impetrabis,
1032 1911 1107 1994 quia
1129 1911 1188 1973 nisi
1212 1931 1270 1996 per
1293 1930 1424 1974 manum
1447 1911 1548 1997 ipsius
1564 1932 1637 1974 earn
1654 1910 1732 1975 nulli
1750 1911 1886 1976 tradam.
1932 1917 1966 1974 at
1989 1911 2044 1974 ille

392 2035 469 2078 mox
491 2013 620 2078 nuntios
642 2014 729 2076 misit
751 2013 793 2077 ad
816 2013 948 2078 beatum
965 2011 1093 2076 Gildam
1110 2014 1276 2098 postulans
1299 2013 1340 2077 ab
1365 2035 1414 2096 eo,
1437 2021 1473 2078 ut
1496 2015 1683 2101 quantocius
1699 2015 1825 2079 veniret
1848 2021 1881 2078 et
1903 2016 2045 2100 puellam
2076 2037 2100 2076 ιι

391 2119 455 2186 lide
491 2141 549 2185 sua
581 2119 622 2184 de
657 2141 756 2184 manu
788 2119 890 2205 patris
923 2121 1085 2205 reciperet
1117 2124 1151 2183 et
1185 2119 1246 2183 sibi
1281 2121 1452 2206 coniugem
1483 2121 1629 2206 legitimo
1658 2119 1802 2184 traderet
1831 2119 2046 2186 matrimonio.

392 2231 519 2289 sanctus
540 2225 652 2310 itaque
675 2225 724 2287 vir
746 2244 857 2287 corum
886 2223 987 2287 verba
1016 2243 1154 2286 renuens
1178 2223 1344 2308 respondit
1367 2222 1491 2288 diceus:
1522 2225 1639 2304 nostis,
1671 2223 1745 2309 quie
1769 2222 1916 2287 dominus
1938 2229 2048 2286 vester

392 2327 616 2392 callidissimus
645 2331 695 2390 cst
723 2331 755 2390 et
783 2327 950 2410 tyrannica
979 2326 1107 2390 feritate
1136 2347 1323 2411 perversus:
1354 2327 1380 2390 si
1404 2347 1598 2391 consensero
1632 2328 1662 2390 ei
1693 2333 1726 2390 ct
1749 2347 1801 2392 me
1824 2326 2046 2390 fideiussorem

392 2432 537 2517 posuerit
562 2436 691 2516 etpost
714 2431 856 2516 puellam
880 2429 1044 2510 occiderit,
1068 2431 1158 2514 gravi
1181 2431 1290 2516 lapsus
1314 2452 1383 2494 sum
1407 2437 1542 2517 peccato
1560 2430 1647 2516 apud
1664 2430 1828 2495 dominum
1845 2437 1878 2494 et
1893 2437 2047 2516 parentes

393 2536 461 2600 eius
485 2533 670 2598 vehementi
694 2533 862 2597 orbatione
887 2533 986 2618 prolis
1011 2531 1127 2596 seduxi
1150 2538 1247 2618 atque
1271 2534 1469 2599 intolerabili
1486 2535 1597 2598 dolore
1615 2534 1732 2600 tradidi
1748 2533 2044 2619 congemiscendos.
2074 2550 2101 2589 ιο

393 2637 452 2702 sed
474 2644 585 2701 tamen
607 2637 773 2701 vobiscum
796 2635 979 2722 proficiscar
1011 2643 1044 2700 et
1073 2642 1282 2723 utrorumque
1306 2639 1489 2703 voluntates
1515 2639 1699 2720 discutiam,
1731 2645 1900 2724 parentum
1924 2638 2047 2702 scilicet

394 2749 427 2808 et
451 2742 529 2824 eius,
553 2741 607 2827 qui
631 2762 688 2805 vos
711 2740 827 2804 adme
851 2738 979 2804 direxit.
1026 2747 1100 2804 tune
1122 2741 1255 2805 veniens
1279 2743 1372 2806 simul
1396 2764 1467 2808 eum
1492 2743 1538 2807 eis
1562 2743 1683 2829 reperit
1705 2744 1792 2828 ipsos
1817 2743 1978 2828 principes
2002 2743 2044 2806 ob

393 2845 576 2911 huiusmodi
607 2866 736 2909 eausam
763 2845 796 2908 in
826 2865 925 2908 unum
957 2845 1155 2909 convenisse.
1210 2852 1242 2909 et
1271 2845 1348 2911 dum
1376 2845 1416 2910 de
1447 2847 1508 2910 hac
1530 2867 1565 2910 re
1588 2848 1799 2932 loquerentur
1820 2849 1905 2910 inter
1928 2869 1977 2926 se,
2002 2847 2048 2910 ait

393 2957 487 3038 pater
509 2951 638 3036 puellae
662 2950 759 3013 beato
778 2948 910 3013 Gildae:
936 2949 961 3013 si
984 2969 1081 3013 mauu
1105 2955 1159 3012 tua
1183 2951 1364 3035 susceperis
1380 2951 1479 3014 liliam
1503 2971 1622 3031 meam,
1646 2951 1703 3016 tibi
1727 2950 1868 3032 credam,
1892 2951 1950 3014 tibi
1973 2971 2047 3015 eam

397 3054 532 3121 tradam.
578 3053 714 3140 quodsi
740 3053 829 3116 illam
859 3053 1020 3138 suscipere
1050 3053 1209 3134 nolueris,
1238 3055 1289 3119 hic
1321 3075 1494 3140 numquam
1525 3054 1668 3120 habebit.
1720 3056 1770 3119 cui
1798 3055 1912 3119 beatus
1935 3054 2048 3119 Gildas
2075 3067 2101 3108 2⁵

394 3159 489 3224 dixit:
526 3159 604 3223 mihi
628 3179 700 3222 eam
730 3155 822 3221 trade
854 3163 887 3221 et
919 3178 981 3241 ego
1013 3163 1178 3243 protectus
1202 3156 1254 3221 dei
1278 3156 1395 3222 virtute
1425 3179 1497 3221 eam
1525 3179 1636 3223 sanam
1659 3159 1837 3223 restituam.
1882 3158 2047 3244 praefatus

393 3265 503 3349 itaque
520 3268 674 3348 tyrannus
699 3260 740 3325 de
764 3282 862 3325 manu
885 3260 986 3324 sancti
1002 3257 1119 3324 Gildae
1137 3261 1260 3346 recepit
1277 3281 1349 3325 eam
1371 3261 1404 3326 in
1421 3262 1569 3346 coniugio
1590 3262 1650 3326 sibi
1667 3261 1890 3348 copulandam.
1932 3262 2048 3326 beatus

335 3377 376 3437 22
394 3388 471 3432 vero
496 3365 608 3431 Gildas
632 3367 804 3430 revertitur
830 3364 872 3428 ad
893 3363 1127 3428 monasterium
1150 3384 1257 3446 suum,
1281 3363 1407 3450 pollens
1431 3364 1524 3429 claris
1547 3365 1727 3430 virtutibus.
1784 3365 1930 3430 Peractis
1952 3366 2050 3451 igitur

393 3471 512 3558 nuptiis
535 3470 643 3556 eoepit
666 3476 820 3554 tyrannus
844 3489 994 3554 sponsam
1012 3469 1124 3533 fovere
1141 3468 1292 3533 dilectam
1316 3475 1349 3534 et
1371 3475 1407 3533 ut
1423 3471 1575 3554 cognorit
1599 3491 1672 3535 eam
1688 3471 1874 3557 concepisse
1897 3471 1929 3535 in
1944 3476 2048 3554 utero,

395 3575 550 3660 cogitavit
572 3594 646 3638 eam
671 3573 819 3638 occidere
844 3573 938 3637 solito
963 3583 1063 3636 more.
1110 3573 1167 3637 sed
1190 3575 1423 3659 pertimescens
1445 3574 1679 3656 iusiurandum,
1705 3574 1792 3661 quod
1815 3580 1929 3660 pactus
1944 3574 2051 3639 fuerat
2078 3593 2105 3634 ιο

394 3681 493 3744 beato
517 3676 651 3759 Gildae,
675 3677 752 3742 dicit
774 3676 862 3762 apud
894 3697 928 3740 se
958 3697 1022 3739 non
1052 3697 1147 3761 posse
1178 3697 1213 3741 se
1237 3677 1350 3741 fallere
1374 3684 1519 3742 sanctum
1543 3678 1655 3741 virum.
1701 3679 1838 3742 timebat
1862 3678 1946 3743 enim
1969 3679 2050 3742 iram

396 3782 449 3847 dei
471 3783 644 3862 incurrere,
671 3781 697 3844 si
720 3780 903 3860 mulierem,
928 3801 1024 3864 quarn
1048 3777 1089 3844 de
1113 3801 1210 3844 mauu
1233 3781 1335 3844 sancti
1358 3781 1417 3845 viri
1441 3781 1556 3844 Gildae
1580 3788 1784 3866 susceperat,
1807 3781 1948 3846 nefando
1972 3801 2049 3845 ense

395 3887 580 3951 interimere
604 3890 786 3949 conaretur.
833 3888 866 3946 at
889 3882 1036 3947 diabolus
1053 3903 1071 3946 e
1088 3889 1197 3948 contra
1214 3885 1398 3949 occasiones
1422 3884 1484 3948 sibi
1505 3885 1674 3966 ministrat,
1691 3906 1841 3949 asserens
1864 3905 1928 3949 non
1953 3905 2049 3971 opor-

396 3997 465 4055 tere
489 3989 619 4053 eumin
642 3994 767 4051 tautum
792 3987 996 4050 sanctitatem
1023 3987 1112 4052 beati
1134 3987 1251 4053 Gildae
1275 3989 1406 4070 timere,
1428 3995 1465 4053 ut
1488 3989 1574 4075 quod
1598 3990 1705 4054 lacere
1730 3989 1937 4071 decreverat,
1960 3990 2049 4053 velut

396 4093 525 4158 timidus
560 4097 594 4156 et
626 4091 743 4154 nullius
779 4089 934 4154 audaciae
965 4091 1063 4155 homo
1098 4099 1232 4176 propter
1262 4092 1423 4178 quendam
1453 4093 1645 4157 monachum
1677 4091 1721 4156 ad
1749 4093 1900 4157 effectum
1931 4093 2049 4157 ducere
2077 4113 2103 4152 ιι

397 4199 582 4262 dimitteret.
640 4195 764 4258 interea
795 4195 911 4258 mulier
943 4195 1088 4280 pluribus
1118 4195 1242 4261 indiciis
1276 4198 1458 4284 percipiens
1489 4198 1631 4261 animum
1666 4198 1734 4261 eius
1761 4197 1968 4261 furibundum
1991 4196 2049 4261 ad·

395 4322 522 4367 versum
546 4321 580 4364 se
605 4320 643 4363 eo
667 4297 754 4383 quod
776 4296 911 4382 gravida
935 4304 1030 4379 esset,
1054 4300 1169 4364 timore
1193 4301 1365 4385 perterrita
1387 4301 1419 4365 in
1436 4302 1547 4386 fugam
1564 4301 1707 4365 latenter
1724 4302 1836 4385 elapsa
1859 4289 1917 4364 est.
1965 4298 2049 4385 quod

396 4411 431 4471 ut
454 4403 605 4489 cognovit
627 4403 676 4466 vir
699 4401 767 4466 eius
789 4401 966 4483 maleficus,
989 4403 1112 4466 maiore
1135 4404 1200 4467 iam
1223 4404 1271 4467 ira
1294 4425 1465 4469 succensus
1489 4405 1653 4469 insecutus
1677 4411 1726 4468 est
1744 4424 1832 4468 eam:
1858 4425 1954 4488 quam
1978 4425 2050 4468 cum

395 4509 571 4573 invenisset
598 4507 689 4570 iuxta
716 4506 802 4570 viam
830 4507 987 4570 latentem
1015 4506 1074 4571 sub
1098 4507 1283 4590 frondibus,
1308 4516 1377 4573 erat
1401 4510 1486 4572 enim
1512 4529 1554 4572 ex
1580 4509 1695 4573 itinere
1718 4508 1871 4592 fatigata,
1896 4514 2050 4592 exempto

336 4615 376 4678 2³
395 4633 548 4680 mucrone
582 4611 760 4696 amputavit
793 4617 888 4696 caput
923 4611 991 4675 eius
1027 4617 1060 4674 et
1094 4613 1139 4676 sic
1168 4612 1298 4677 demum
1328 4612 1371 4677 ad
1401 4613 1532 4677 domurn
1555 4633 1647 4676 suam
1671 4632 1820 4676 reversus
1843 4616 1901 4676 est.
1946 4611 2046 4675 Pater
2077 4631 2103 4669 ιο

395 4719 493 4804 igitur
519 4716 604 4780 illius
634 4715 784 4796 audiens,
813 4713 899 4799 quod
930 4714 1100 4779 accidisset
1129 4714 1215 4780 filiae
1245 4737 1342 4798 suae,
1374 4737 1492 4800 magno
1523 4737 1694 4780 concussus
1718 4714 1828 4780 dolore
1852 4715 2053 4799 submagna

395 4821 601 4886 festinatione
624 4840 701 4882 mox
725 4818 811 4883 misit
834 4817 875 4881 ad
898 4817 1030 4881 beatum
1048 4818 1175 4883 Gildam
1201 4820 1333 4884 dicens:
1359 4819 1458 4883 redde
1482 4820 1561 4883 mihi
1575 4820 1672 4883 liliam
1689 4839 1808 4899 meam,
1829 4818 2053 4903 quiapropter

394 4931 483 4990 tuam
507 4925 770 4988 intercessionem
796 4922 920 5008 perdidi
946 4923 1043 4987 illam.
1093 4944 1255 5007 cognosce
1281 4925 1376 5004 enim,
1400 4925 1475 5009 quia
1498 4925 1552 5009 qui
1575 4925 1607 4987 in
1631 4922 1779 5006 coniugio
1803 4942 1874 4986 earn
1898 4920 1939 4986 de
1955 4943 2053 4986 manu

398 5039 453 5095 tua
477 5029 613 5114 accepit,
637 5029 768 5114 proprio
793 5025 903 5112 gladio
928 5047 999 5090 eam
1023 5027 1189 5110 iugulavit.
1236 5048 1334 5113 super
1356 5028 1417 5091 hoc
1440 5029 1538 5112 igitur
1554 5034 1682 5090 sanctus
1698 5025 1855 5090 virvalde
1872 5031 2051 5090 commotus

398 5134 541 5199 concitus
570 5133 658 5196 venit
694 5131 736 5196 ad
765 5129 926 5215 quandem
962 5131 1242 5212 munitiunculam,
1272 5131 1328 5195 ubi
1356 5130 1522 5216 praefatus
1551 5136 1703 5217 tyrannus
1731 5129 1914 5211 habitabat,
1938 5129 2051 5194 volens
2079 5156 2104 5194 ιι

396 5237 438 5302 ab
469 5257 508 5300 eo
536 5234 663 5317 audire,
690 5240 797 5298 utrum
827 5235 896 5318 ipse
928 5235 1099 5318 coniugem
1130 5256 1235 5314 suam,
1265 5235 1346 5298 sicut
1368 5255 1477 5299 rumor
1500 5233 1644 5313 ferebat,
1668 5234 1894 5297 interemisset.
1939 5253 2051 5298 verum

397 5348 550 5426 tyrannus
577 5339 633 5403 ubi
663 5339 762 5401 sensit
790 5345 935 5402 sanctum
960 5338 1087 5402 Gildam
1117 5339 1393 5424 appropinquare,
1417 5339 1584 5424 praecepit
1608 5338 1738 5401 ostiario
1764 5336 1897 5418 domus,
1920 5357 1961 5401 ne
1985 5337 2051 5401 ullo

503 5581 756 5635 dictemuuciosdl
843 5579 875 5632 13
894 5582 956 5634 mihi
974 5599 1021 5634 om.
1037 5579 1063 5631 B
1159 5579 1192 5632 31
1211 5599 1271 5634 cum
1289 5583 1313 5634 b.
1331 5581 1440 5651 gildaB
1525 5581 1560 5634 33
1578 5579 1774 5635 interemisseB
1826 5587 1948 5634 econtra
1966 5579 2053 5634 σπι-,Β

397 5669 432 5723 35
449 5671 525 5721 horno
543 5687 591 5722 om.
605 5667 630 5718 Β
733 5666 765 5721 3ῖ
784 5667 905 5734 lapsadI
