4598 6300
393 325 455 386 206
1009 311 1182 368 HISTORIA
1204 309 1423 366 Buluuouvu

509 489 734 557 HISTORIA
756 487 972 555 BRITTON
975 485 1051 552 VM.

391 615 613 701 ingentissima
657 612 749 677 clade
788 612 983 698 expulerunt
1019 610 1061 673 ab
1098 609 1166 672 istis

393 717 579 805 regionibus
603 723 637 781 et
651 737 811 803 nusquam
827 716 948 780 reversi
963 721 1036 778 sunt
1049 715 1166 778 iterum

395 824 437 890 ad
459 820 680 887 habitandum.

342 932 378 988 63
459 925 557 990 Adde
583 924 668 989 filius
696 923 755 988 Ida
785 924 933 1010 regnauit
962 923 1053 986 aunis
1083 927 1166 985 octo.

354 1053 366 1090 s
393 1027 527 1093 Aedlrie
539 1027 729 1093 filiusAdda
741 1027 889 1113 regnavit
902 1025 1165 1112 quattuorannis.

391 1132 511 1197 Deorie
534 1132 617 1196 filius
641 1131 701 1195 Ida
730 1131 879 1215 regnavit
911 1136 1038 1215 septem
1065 1129 1166 1194 annis.

391 1234 625 1322 Friodolguald
642 1236 790 1320 regnavit
806 1254 867 1297 sex
884 1234 984 1297 annis.
1030 1233 1062 1297 in
1079 1233 1167 1296 cuius
1207 1267 1210 1274 »

393 1346 539 1426 tempore
563 1359 699 1423 regnum
716 1337 891 1402 Oantorum
914 1339 1063 1402 mittente
1084 1335 1166 1400 Gre-

392 1445 484 1529 gorio
517 1443 713 1529 baptismum
747 1444 897 1529 suscepit.
951 1441 1060 1506 Hussa
1093 1461 1167 1526 reg-

342 1569 367 1607 1⁰
392 1547 481 1612 navit
503 1548 595 1610 anuis
611 1552 751 1632 septem:
777 1552 888 1610 contra
910 1546 1000 1610 illum
1017 1550 1169 1630 quattuor

392 1671 488 1736 reges
522 1650 657 1735 Urbgen
693 1655 727 1714 et
760 1649 967 1714 Riderehhen
1000 1655 1033 1713 et
1067 1647 1167 1713 Guel-

392 1755 465 1819 lanc
494 1760 527 1818 et
555 1752 702 1818 Morcant
732 1751 973 1819 dimicaverunt.
1026 1752 1169 1817 Deodric

393 1863 505 1922 contra
526 1858 617 1922 illum
641 1857 774 1942 Urbgen
799 1879 872 1923 eum
895 1857 968 1922 filiis
994 1856 1169 1921 dimicabat

393 1961 529 2027 fortiter.
574 1962 607 2025 in
629 1961 685 2025 illo
701 1967 809 2026 autem
827 1967 973 2047 tempore
996 1960 1168 2046 aliquando

342 2087 365 2124 1⁵
393 2067 520 2146 hostes,
554 2085 638 2129 nuno
670 2065 758 2130 circs
790 2065 1002 2129 vincebantur
1034 2071 1067 2129 et
1099 2065 1169 2149 ipse

393 2170 549 2235 conclusit
574 2188 631 2232 eos
653 2168 756 2232 tribus
780 2167 894 2233 diebus
917 2174 951 2231 et
965 2167 1114 2231 noctibus
1136 2168 1170 2231 in

391 2274 494 2337 insula
507 2271 660 2336 Metcaud
673 2277 707 2335 et
723 2271 799 2335 dum
816 2277 886 2336 erat
901 2271 933 2334 in
949 2269 1169 2355 expeditione,

390 2376 554 2460 iugulatus
594 2381 646 2438 est
686 2374 853 2439 Morcanto
893 2374 1074 2438 destinante
1110 2395 1169 2459 pro

389 2477 526 2559 insidia,
550 2477 626 2563 quia
652 2479 685 2542 in
715 2479 785 2564 ipso
809 2497 888 2563 prae
912 2476 1060 2541 omnibus
1083 2478 1169 2562 regi-

342 2600 368 2639 m
394 2581 454 2644 bus
470 2581 570 2644 virtus
585 2581 729 2644 maxima
745 2587 817 2646 erat
830 2582 1065 2646 instauratione
1081 2581 1169 2645 belli.

392 2682 558 2748 Eadfered
574 2683 727 2748 Flesaurs
750 2686 901 2770 regnavit
916 2684 1088 2749 duodecim
1112 2705 1169 2747 an-

393 2788 442 2850 nis
457 2787 490 2850 in
505 2785 665 2852 Bemeieh
681 2793 716 2852 et
730 2787 810 2853 alios
828 2787 1000 2853 duodecim
1015 2789 1049 2852 in
1070 2787 1169 2869 Dem,

393 2891 506 2976 viginti
541 2896 693 2976 quattuor
728 2891 819 2955 annis
852 2893 937 2956 inter
972 2891 1035 2956 duo
1069 2912 1170 2977 regna

393 2993 540 3077 regnavit
564 2999 598 3057 et
621 2993 710 3059 dedit
733 2995 827 3059 uxori
850 3015 931 3060 suae
946 2994 1169 3082 Dinguoaroy‚

341 3115 366 3154 2⁵
394 3118 478 3184 quae
494 3104 627 3162 vocatur
642 3097 791 3182 Babbab,
816 3106 849 3164 et
876 3098 917 3164 de
940 3099 1070 3164 nomine
1094 3119 1171 3163 suae

389 3203 500 3267 uxoris
531 3203 672 3288 suscepit
705 3223 843 3285 nomen,
876 3202 911 3268 id
938 3210 987 3268 est
1018 3203 1173 3268 Bebban-

393 3305 501 3371 burth.
546 3305 674 3391 Eoguin
702 3307 786 3371 filius
813 3305 881 3370 Alli
909 3307 1173 3391 regnavitannis

392 3408 505 3472 decem
532 3416 565 3473 et
582 3415 707 3495 septem
731 3418 765 3474 et
786 3411 857 3497 ipse
875 3411 1046 3495 occupavit
1061 3409 1170 3474 Elmet
1275 3427 1309 3492 es.
1324 3440 1352 3489 p.
1368 3428 1424 3477 178.

393 3517 426 3577 et
450 3513 576 3600 expulit
599 3510 707 3578 Oertio
730 3533 843 3598 regem
865 3513 950 3576 illius
973 3512 1125 3597 regionis.

1348 3612 1506 3679 NENNI
1511 3613 1562 3680 VS
1764 3613 1979 3680 NENNIVS

1347 3715 1564 3800 (OfflDmGL).
1676 3716 2082 3785 INTERPRETATVS.

340 3855 366 3894 n
455 3835 593 3902 Eanfled
615 3837 681 3903 filie
703 3841 787 3905 illius
803 3838 993 3904 duodecimo
1018 3837 1070 3902 die
1093 3843 1167 3924 post
1335 3845 1441 3912 Elfled
1471 3847 1537 3911 filia
1566 3847 1632 3911 Ed·
1723 3839 1873 3905 Eanfleth
1897 3840 1962 3904 fllia
1982 3839 2050 3903 Ed-

391 3946 604 4025 peuteeosten
626 3942 824 4028 baptismum
850 3943 976 4028 accepit
1000 3963 1072 4006 cum
1095 3942 1165 4006 uni·
1271 3950 1346 4013 wiui
1362 3948 1556 4016 duodecimo
1581 3951 1633 4016 die
1687 3943 1761 4008 wini
1773 3944 1877 4029 prima
1889 3950 1963 4009 ante
1977 3964 2050 4008 oum

388 4045 489 4108 uersis
513 4043 699 4109 hominibus
722 4047 786 4110 suis
810 4046 851 4110 de
868 4047 943 4110 viris
967 4050 1001 4109 et
1023 4044 1166 4108 mulieri-
1292 4059 1367 4138 post
1403 4060 1613 4140 pentecostes
1701 4048 1866 4134 baptizata
1903 4054 1952 4112 est
1989 4047 2031 4111 de

386 4147 448 4211 bus
475 4168 549 4212 cum
578 4168 626 4212 ee.
680 4148 831 4234 Eadgum
854 4171 932 4214 vero
963 4149 996 4212 in
1019 4148 1166 4234 sequenti
1270 4156 1467 4242 baptismum
1509 4161 1635 4245 aceepit
1689 4149 1872 4216 Saxonibus
1894 4150 2051 4214 ininsula

391 4251 514 4336 paseha
538 4251 734 4336 baptismum
765 4255 907 4339 suscepit
937 4257 970 4316 et
994 4250 1164 4316 duodecim
1229 4283 1240 4320 s
1285 4280 1357 4324 cum
1380 4261 1622 4327 innumerabili·
1688 4253 1865 4320 Britannia.

339 4369 363 4409 ³⁵
390 4355 491 4418 millia
524 4355 689 4420 bominum
721 4356 878 4442 baptizati
912 4360 986 4420 sunt
1016 4376 1088 4419 cum
1116 4375 1166 4419 eo.
1270 4361 1331 4426 bns
1368 4363 1554 4429 hominibus
1592 4363 1633 4429 de

389 4459 415 4522 si
438 4459 508 4544 quis
531 4460 612 4524 scire
628 4460 774 4541 uoluerit,
800 4460 870 4545 quis
894 4479 951 4523 eos
974 4459 1163 4544 baptizavit,
1269 4467 1344 4531 viris
1379 4472 1413 4530 et
1445 4467 1635 4533 mulieribus

386 4559 472 4625 Rum
494 4582 570 4647 map
592 4561 727 4648 Urbgen
750 4563 928 4649 baptizavit
959 4583 1015 4626 eos
1045 4569 1078 4626 et
1108 4582 1167 4649 per
1285 4590 1357 4635 eum
1392 4589 1432 4634 ea
1465 4575 1499 4634 et
1535 4571 1617 4636 haee

388 4664 604 4750 quadraginta
636 4665 706 4732 dies
736 4688 801 4731 non
832 4666 971 4731 cessavit
999 4665 1166 4752 baptizare
1269 4673 1373 4759 prima
1389 4671 1555 4758 baptizata
1572 4680 1631 4740 est.

391 4789 485 4832 omne
520 4791 622 4854 genus
655 4771 846 4835 ambronum
882 4775 913 4833 et
947 4789 1007 4854 per
1033 4768 1163 4855 praedi·
1218 4799 1243 4838 ιο
1318 4775 1473 4841 Edwinus
1513 4797 1592 4841 uero

336 4887 363 4926 ⁴⁰
390 4873 550 4938 sationem
572 4875 658 4938 illius
679 4876 771 4940 multi
795 4872 1001 4940 crediderunt
1025 4873 1164 4939 Christo.
1297 4885 1389 4945 osteo
1421 4881 1453 4944 in
1491 4901 1525 4944 se
1549 4880 1638 4946 uenti

491 5065 551 5117 HK

491 5171 565 5222 SIN.:
593 5167 730 5237 bnsdlrie]
744 5167 850 5236 Hbe‚
876 5172 956 5224 aelric
969 5170 1024 5236 11⁸,
1052 5167 1211 5222 asdrieK·
1323 5165 1499 5234 Sanctorum]
1514 5167 1571 5232 m,
1590 5167 1734 5220 cantiorum
1746 5163 1802 5232 Hb,
1820 5159 2054 5218 cantuarioran

388 5254 422 5306 10
439 5251 521 5320 illum]
542 5255 599 5306 illos
612 5255 640 5304 K
738 5255 769 5308 11
788 5257 856 5324 regis
869 5257 902 5307 H
994 5251 1027 5307 17
1045 5252 1173 5320 matcaud]
1188 5251 1245 5318 Hb,
1269 5261 1389 5305 metonae
1403 5252 1457 5318 11⁸,
1476 5251 1636 5305 medeautK
1720 5251 1754 5304 21
1773 5253 1901 5304 aadlsored
1919 5253 2012 5303 fisseur
2025 5247 2055 5299 K

387 5337 421 5392 22
439 5337 512 5406 alios]
531 5341 586 5392 alos
597 5340 644 5390 H·
763 5341 798 5394 23
815 5360 895 5410 regns
913 5360 962 5394 om.
976 5341 1025 5392 H·
1146 5338 1181 5392 24
1199 5356 1262 5391 suae
1280 5338 1370 5391 ΜΚ
1481 5337 1557 5405 astru
1575 5336 1769 5404 bebbanburth]
1784 5335 1821 5403 H,
1840 5337 2007 5390 bebbanbnrb
2022 5332 2052 5385 Κ

386 5425 420 5478 31
438 5425 627 5494 psteoostan
728 5425 762 5478 33
780 5424 900 5494 eadgum]
915 5426 951 5493 H,
970 5425 1128 5494 sadgninK
1222 5423 1255 5477 37
1274 5423 1340 5491 rum]
1359 5425 1412 5490 lum
1425 5424 1460 5488 II,
1477 5426 1525 5476 rim
1538 5422 1578 5475 K:
1598 5427 1631 5492 ef.
1650 5424 1687 5476 ad
1699 5427 1829 5490 prosa
1934 5421 1969 5474 38
1986 5418 2050 5488 dies]

385 5511 486 5564 disH⁸
573 5510 628 5563 ·40
644 5509 748 5578 christo]
763 5513 797 5580 K,
816 5515 843 5566 in
860 5515 955 5565 christo
969 5511 1003 5562 Η

487 5617 625 5668 buxula:
646 5615 659 5667 l
678 5617 771 5670 eludo
874 5617 1107 5686 dpentscostenb
1211 5612 1317 5682 boum]
1336 5616 1363 5666 in
1381 5630 1435 5667 una
1452 5615 1548 5668 eumG
