4538 6316
736 1407 1402 1532 ADDITAMENTA

913 1654 989 1731 AD
1021 1652 1131 1731 VOL.
1156 1651 1224 1738 Ι*).

242 1903 275 1953 ad
298 1919 322 1968 p.
335 1901 360 1954 5.
396 1905 536 1954 Tractatns
558 1904 623 1954 duos
645 1903 731 1954 adhue
753 1902 949 1968 comprehensos
972 1902 1022 1954 sub
1044 1902 1147 1954 nomine
1172 1904 1303 1969 Anonymi
1321 1905 1454 1957 Valesiani
1470 1906 1505 1957 ad
1524 1905 1634 1958 eundem
1652 1913 1783 1959 auctorem
1800 1907 1901 1958 rettulit

345 2006 429 2057 nuper
450 1990 558 2041 Carolus
580 1991 659 2042 Frink
686 1987 744 2054 (zur
765 1989 904 2040 Teetlrrits‘lr
929 1989 986 2040 suad
1013 1987 1131 2054 Spraelu
1157 1989 1202 2042 des
1230 1989 1383 2058 Auoupmur
1408 1991 1561 2044 Valerianus
1587 1994 1614 2044 in
1643 1993 1900 2046 commentationibus

345 2076 550 2128 Woelfflinianis
569 2073 636 2128 1891
658 2094 684 2144 p.
697 2075 822 2143 339seq.)
847 2076 1008 2143 argumentis
1026 2076 1157 2129 futtilibus
1175 2084 1201 2129 et
1227 2079 1369 2144 perversis,
1398 2086 1428 2131 nt
1454 2085 1522 2131 reete
1547 2080 1613 2131 vidit
1636 2081 1681 2146 qui
1704 2080 1851 2146 nuperrime
1869 2080 1900 2132 tle

346 2169 455 2215 usoutu
480 2163 560 2215 altero
587 2164 641 2231 egit
667 2165 775 2216 Carolus
797 2163 898 2230 Cipolla
922 2162 957 2231 (p.
975 2160 1009 2215 27
1028 2165 1203 2216 commentarii
1232 2165 1305 2216 oitati
1333 2166 1400 2218 inira
1426 2167 1454 2218 in
1478 2167 1537 2219 add.
1559 2167 1593 2219 ed
1614 2183 1639 2233 p.
1652 2164 1723 2230 259).
1761 2173 1900 2231 utrumqne

345 2250 462 2301 libellum
480 2267 550 2302 mero
568 2266 631 2302 casu
650 2252 816 2303 eoniunotnm
834 2267 890 2303 esse
908 2251 1040 2303 evidenter
1057 2256 1134 2318 patet.

242 2353 275 2403 ad
294 2369 317 2418 p.
334 2348 365 2402 14
384 2352 450 2404 adde

839 2443 875 2494 IN
893 2441 996 2494 LIBRO
1013 2441 1268 2494 GENERATIONIS
1285 2444 1306 2494 1.

655 2545 680 2596 Β
698 2567 731 2589 --
750 2546 924 2598 Berolinensis
942 2545 1146 2613 Phillippsianus
1163 2562 1189 2596 u.
1204 2542 1271 2596 1829
1289 2561 1354 2598 saon.
1369 2547 1407 2597 IX
1426 2541 1461 2610 (v.
1474 2563 1498 2613 p.
1511 2543 1566 2610 78).

662 2631 685 2683 0
701 2653 733 2676 =
751 2634 953 2701 Phillippsienus
971 2650 996 2684 n.
1011 2629 1095 2685 12266
1113 2649 1181 2686 saec.
1194 2635 1219 2684 X
1238 2632 1274 2699 (v.
1287 2651 1312 2700 p.
1322 2631 1375 2698 80).

656 2719 685 2770 F
700 2740 732 2762 =
751 2721 884 2772 Parisinus
903 2717 989 2772 10910
1006 2737 1072 2772 saeo.
1087 2719 1207 2780 vnsvffl
1224 2719 1260 2789 (p.
1274 2718 1326 2787 78).

658 2807 682 2856 6
700 2826 732 2848 =
752 2808 930 2874 sangallensis
948 2805 1039 2860 n.133
1055 2823 1122 2860 eaeo.
1136 2810 1173 2860 IX
1191 2807 1226 2875 (p.
1240 2805 1295 2872 80).

659 2891 681 2942 0
700 2912 732 2934 =
750 2895 875 2945 cavensis
893 2895 1040 2960 similesque
1059 2891 1093 2959 (v.
1107 2911 1132 2961 p.
1146 2891 1200 2960 79).

240 2991 273 3040 ad
292 3007 317 3057 p.
333 2989 371 3042 l'l.
408 2993 492 3058 Ipsius
512 2995 647 3062 archetypi
665 2999 839 3064 fragmentum
858 3007 947 3065 postes
965 2999 1131 3051 eruderatum
1149 3000 1213 3051 hoo:

1063 3122 1080 3173 8

1066 3210 1080 3259 1

1062 3295 1084 3344 P

1060 3381 1085 3432 A

345 3496 443 3548 editum
461 3514 478 3548 a
495 3499 586 3550 Rossio
604 3499 709 3552 Bullett.
722 3501 845 3552 eristieuo
866 3500 932 3553 1873
950 3519 975 3570 p.
992 3467 1175 3554 1688181111
1193 3499 1305 3551 ostendit
1320 3499 1347 3550 iu
1360 3499 1443 3564 elogio
1460 3515 1511 3549 non
1530 3499 1610 3549 fuisse
1623 3499 1671 3549 nisi
1684 3499 1795 3550 Damasi
1803 3515 1900 3564 papae.

345 3585 446 3636 monuit
464 3586 577 3639 Rossius.

242 3687 275 3737 ad
294 3705 318 3753 p.
333 3685 374 3739 18.
409 3688 530 3742 Peiresoii
553 3692 665 3758 epistula
685 3693 719 3743 ad
745 3693 850 3744 fratrem
873 3692 935 3743 data
962 3691 1003 3742 die
1026 3689 1069 3744 22.
1088 3693 1144 3742 Ian.
1164 3687 1232 3742 1625
1258 3687 1338 3754 (edita
1363 3703 1426 3740 eura
1447 3689 1560 3756 Philippi
1583 3689 1707 3755 Tamizey
1728 3690 1760 3740 ‹ls
1783 3689 1900 3754 Laroqne

346 3775 430 3827 lettres
447 3777 479 3828 de
497 3777 609 3846 Peirere,
624 3776 704 3831 vol.6
723 3797 746 3847 p.
758 3776 804 3843 83)
828 3779 974 3830 soonrutius
992 3768 1039 3830 nos
1057 3777 1146 3829 edooet
1166 3775 1197 3828 de
1215 3776 1317 3827 vieibns
1336 3775 1438 3826 eodiois.
1475 3774 1497 3824 J
1500 3775 1624 3839 'oubliois,
1641 3776 1786 3827 Peiresoius
1803 3776 1899 3837 scribit,

345 3861 377 3914 de
394 3880 456 3914 sous
474 3864 531 3916 dire
547 3881 595 3931 que
613 3865 651 3918 Μ.
664 3866 768 3918 Buberu
788 3866 917 3930 m’ereript
933 3864 1044 3931 queisr
1061 3863 1276 3916 l’Ambusradeur
1293 3862 1326 3914 de
1344 3861 1479 3914 Flauum
1502 3863 1546 3929 lup
1570 3879 1589 3912 a
1604 3861 1676 3928 suist
1697 3861 1812 3914 instares
1829 3879 1901 3928 pour

347 3965 483 4001 reeouurer
501 3953 524 4003 le
541 3953 689 4004 euleudrier
706 3951 767 4004 MS.
786 3969 834 4018 que
846 3954 897 4018 seu
915 3951 955 4004 M.
968 3951 1090 4004 Schilder
1106 3951 1211 4002 m’uuoit
1228 3949 1322 4001 donne.
1359 3948 1427 4000 Vsus
1444 3965 1532 4013 equore
1550 3965 1578 3999 ee
1595 3964 1643 4014 que
1655 3948 1685 4014 je
1701 3965 1763 4000 eoru
1780 3965 1813 4000 era
1830 3948 1901 3999 eoois

346 4035 398 4086 diet
423 4038 574 4106 uultrefoyr.
610 4041 642 4092 Je
662 4058 725 4092 vous
744 4041 804 4106 pris
826 4040 857 4091 de
881 4041 905 4090 le
928 4039 972 4106 lup
995 4039 1154 4105 oesnaoiqrrer,
1179 4039 1197 4088 ὰ
1220 4036 1321 4101 rqoooir
1343 4051 1391 4102 que
1417 4036 1447 4086 la
1468 4034 1597 4102 premiere
1616 4035 1681 4102 soqs
1707 4051 1754 4100 que
1775 4034 1804 4101 je
1830 4035 1901 4098 teu,

348 4121 392 4171 Μ(
407 4122 528 4176 Selrilder
545 4143 584 4178 rue
603 4127 690 4178 l'avoit
703 4127 791 4192 preste'
807 4127 895 4177 disarrt
912 4126 976 4192 qu'il
993 4124 1157 4191 apparteuoit
1175 4141 1211 4174 uu
1228 4133 1254 4174 er
1268 4123 1409 4175 Presidorst
1420 4120 1536 4173 d’Arrus
1548 4130 1572 4172 et
1584 4138 1631 4187 que
1644 4122 1697 4172 lore
1709 4121 1766 4188 j'err
1777 4125 1814 4190 fis
1826 4122 1901 4188 faire

347 4209 392 4262 des
404 4213 546 4275 pertraietr
565 4221 588 4265 et
606 4215 725 4265 extroieu
743 4231 790 4280 que
803 4213 941 4280 plenuoyaq
960 4211 1078 4275 aaron,
1090 4228 1163 4277 pour
1176 4212 1212 4262 les
1223 4210 1300 4278 seire
1317 4209 1450 4274 imprimer
1468 4225 1500 4260 eu
1513 4208 1585 4259 tuille
1603 4207 1683 4258 douae
1701 4224 1761 4259 aare
1779 4208 1815 4258 les
1833 4225 1900 4259 eorn-

345 4297 482 4348 meutaires
500 4299 532 4349 de
550 4299 594 4349 Mr
608 4300 754 4363 Aleondro,
772 4315 866 4352 eorume
886 4300 915 4366 je
934 4298 1072 4350 m'urreure
1090 4298 1164 4364 qu’r'la
1183 4305 1270 4349 rerem
1286 4296 1418 4361 impr-irrue
1437 4295 1469 4346 de
1480 4294 1552 4362 faiel
1574 4302 1623 4346 tort
1639 4311 1673 4345 ou
1693 4295 1762 4346 rard.
1798 4295 1834 4346 Ε(
1847 4312 1901 4360 peu

348 4397 426 4446 apres
444 4383 521 4435 lediet
536 4393 563 4434 ε’
577 4383 699 4438 Schilder
716 4393 800 4438 amnt
816 4402 882 4436 uersu
900 4384 1016 4448 &Paria
1033 4392 1058 4435 et
1074 4390 1220 4435 monstrant
1238 4381 1270 4433 de
1288 4381 1387 4434 desirer
1405 4381 1437 4434 de
1456 4383 1480 4433 le
1497 4397 1643 4445 sessum-er,
1655 4381 1684 4447 je
1702 4381 1726 4431 le
1743 4382 1787 4447 luy
1805 4382 1902 4447 rende,

349 4485 409 4520 aues
426 4487 478 4520 mea
496 4478 548 4522 tres
566 4471 681 4523 tumtur
698 4472 899 4535 remereierneur,
917 4472 961 4540 luy
974 4471 1143 4538 teunoiqnuut
1159 4470 1338 4537 ueoutmoinqr
1356 4471 1486 4534 beoueoup
1504 4469 1535 4520 cle
1553 4477 1639 4536 repr-et
1656 4468 1688 4521 de
1704 4469 1761 4520 ooir
1776 4486 1824 4536 que
1842 4480 1901 4524 cette

343 4555 416 4620 pirre
434 4565 537 4608 eorerusl
547 4559 658 4624 fortune
677 4559 709 4610 de
726 4560 852 4611 retomber
868 4566 938 4609 entre
956 4557 993 4610 les
1015 4558 1101 4608 mains
1117 4557 1163 4610 dee
1183 4573 1308 4622 perarma
1325 4555 1370 4623 qui
1390 4555 1449 4608 rs'en
1465 4557 1570 4623 Μαι(
1588 4571 1643 4620 pur
1663 4555 1790 4608 eurieurer
1807 4575 1902 4611 omnmo

348 4641 397 4693 elle
414 4643 532 4706 meritoit,
549 4645 657 4696 atterrdu
673 4662 765 4697 merrae
784 4661 831 4712 que
849 4645 878 4695 lu
895 4644 982 4696 moitis
998 4644 1087 4696 dudiet
1105 4644 1255 4696 kalrudrier
1268 4644 1400 4711 muuqrroit
1417 4653 1440 4696 et
1457 4660 1484 4694 re
1502 4642 1612 4694 uouooit
1629 4642 1703 4694 auoir
1720 4643 1771 4694 erte
1786 4647 1902 4698 reaturo

342 4744 398 4794 par
415 4729 521 4795 quelque
538 4730 588 4782 beu
606 4731 704 4784 homme
721 4733 765 4798 qui
782 4750 815 4783 us
833 4732 870 4799 s'q
888 4732 1040 4799 eoquoisroit
1054 4731 1172 4798 queres,
1193 4739 1217 4782 et
1234 4730 1278 4796 qui
1295 4729 1365 4781 auoit
1381 4729 1441 4796 fort
1461 4730 1516 4780 mul
1533 4729 1669 4780 rencontre
1686 4765 1774 4782 .....
1810 4730 1902 4783 Allors

346 4815 367 4865 il
383 4831 422 4866 me
440 4815 478 4866 du
495 4833 542 4882 qtae
561 4817 641 4887 lediet
654 4828 680 4869 (Γ
693 4819 834 4870 Presidaut
845 4819 961 4870 d’rlrrar
978 4819 1002 4869 le
1021 4819 1066 4886 luy
1078 4818 1147 4869 auoit
1163 4825 1268 4868 souveut
1285 4818 1361 4884 offert
1378 4833 1410 4866 en
1427 4814 1480 4866 dors
1497 4823 1521 4867 el
1537 4814 1601 4880 qu'il
1618 4815 1685 4866 auoit
1696 4817 1765 4882 saiet
1782 4820 1902 4885 scrupulo

345 4901 378 4952 de
395 4901 538 4967 l’aeeepter,
556 4904 618 4955 deut
629 4905 658 4970 je
676 4905 700 4955 le
719 4913 813 4972 tuuqay
831 4905 887 4956 hieu
900 4906 959 4970 fort
976 4913 1001 4956 et
1017 4905 1121 4956 aulient
1137 4905 1202 4969 qu’il
1215 4911 1280 4968 peut
1297 4911 1362 4954 estre
1377 4901 1477 4969 permis
1495 4903 1513 4952 ὸ
1529 4918 1566 4953 uu
1584 4918 1652 4969 amq.
1683 4903 1710 4953 Il
1728 4905 1902 4970 ler'emporta

346 4988 413 5040 cloue
430 5005 461 5041 ere
473 4989 607 5042 Handres
625 5009 657 5042 err
674 4991 727 5042 s'eu
745 4999 906 5055 retrorsum,
925 4999 949 5043 et
966 5008 1005 5042 uae
1018 4990 1117 5056 praeut
1135 4990 1167 5041 de
1185 4989 1285 5040 wacker
1297 4987 1329 5040 de
1348 4987 1465 5039 l'obleuir
1483 5004 1515 5040 eu
1528 5003 1583 5054 pur
1601 4988 1654 5039 dou
1672 4988 1760 5040 uuus
1776 4999 1802 5040 ε’
1815 4991 1900 5042 Presi-

346 5075 419 5138 daur,
442 5077 537 5142 auquel
554 5094 598 5128 eas
615 5078 635 5128 il
652 5094 692 5128 me
710 5079 733 5128 le
751 5080 933 5144 rapporteroit‚
959 5086 983 5128 el
1000 5077 1066 5128 m'en
1086 5077 1170 5144 seruit
1189 5078 1212 5129 le
1229 5076 1342 5127 maistre.
1379 5074 1413 5124 lu
1430 5074 1464 5126 de
1474 5074 1547 5141 suist
1563 5084 1685 5126 reseram
1702 5077 1821 5142 quelques
1837 5079 1902 5129 mois

347 5176 434 5224 apres,
456 5161 478 5212 il
494 5178 534 5212 me
552 5162 575 5212 le
592 5162 728 5229 r'apportu
746 5180 806 5214 aueo
823 5163 894 5214 mille
918 5163 1093 5228 eomplimeuts
1117 5162 1263 5214 d'lreuueur
1280 5169 1304 5212 et
1321 5160 1352 5212 ds
1371 5160 1512 5225 cuneus,
1537 5169 1561 5213 et
1576 5170 1688 5226 pareant
1704 5178 1736 5212 su
1754 5161 1902 5230 Hespuque,

345 5263 385 5297 me
402 5246 454 5298 diet
475 5264 523 5312 que
547 5249 624 5299 lediet
640 5258 666 5298 rr
685 5250 827 5302 Presideut
847 5251 891 5318 luy
915 5251 983 5301 auoit
1005 5249 1142 5316 uruntque
1164 5250 1256 5300 d'estre
1277 5265 1368 5314 marry
1388 5263 1437 5312 que
1463 5249 1492 5298 lu
1515 5247 1588 5298 shore
1609 5264 1641 5298 ue
1656 5249 1718 5313 sust
1739 5249 1771 5300 de
1791 5251 1852 5314 plus
1870 5251 1902 5303 de

347 5349 520 5398 eoruequouee
542 5352 610 5400 pour
632 5335 683 5387 l’eu
707 5337 804 5402 estiper
820 5374 908 5388 .....
934 5334 1036 5387 (lemme
1059 5343 1226 5400 superauerit
1244 5335 1273 5401 je
1297 5323 1396 5384 rr’euoir
1418 5349 1472 5398 pas
1492 5333 1536 5384 ore
1551 5349 1591 5384 me
1613 5333 1745 5398 dispariter
1766 5335 1902 5404 d’eauoyer

347 5418 480 5484 l’oripirsal
503 5421 520 5470 ὰ
542 5421 632 5485 Reme,
659 5422 690 5473 de
713 5424 811 5474 rraiute
835 5423 881 5474 des
907 5423 1021 5490 danqm
1044 5422 1089 5473 des
1112 5422 1237 5486 elmuino,
1262 5423 1317 5488 ofin
1340 5421 1372 5472 de
1395 5421 1419 5472 le
1440 5421 1552 5486 pouvoir
1574 5421 1658 5471 mieuu
1677 5423 1796 5487 qareutir
1816 5424 1833 5474 ὰ
1854 5440 1902 5474 sou

348 5622 375 5695 *)
394 5628 495 5679 Horum
513 5627 746 5683 irritamentorum
764 5629 798 5684 ad
817 5626 894 5682 roll
913 5630 1038 5702 pleraque
1056 5629 1089 5681 ad
1107 5628 1192 5696 ipsum
1209 5628 1310 5682 adiecto
1326 5630 1376 5682 hoo
1392 5629 1449 5682 looo
1465 5634 1624 5696 repetuntur.
