4552 6308
394 373 455 436 388
1011 367 1058 422 IV.
1078 366 1182 422 susm
1200 365 1427 424 Eunuchum

395 543 586 608 dicerentur.
627 547 752 608 constat
767 543 890 607 consuli
905 563 933 606 a.
948 546 1005 607 261
1026 565 1056 630 p.
1072 540 1146 606 Chr.
1163 563 1283 606 nomen
1298 543 1395 608 fuisse
1412 541 1449 607 Τ.
1464 542 1618 607 Petronio
1635 541 1672 606 T.
1690 541 1711 608 1.
1733 540 1840 606 Tauro
1856 541 2059 607 Volusiano

392 648 527 713 restituo
549 649 647 733 igitur
669 642 859 732 Πετρωνίου
877 639 1033 736 Ῥουφίοο
1057 646 1293 713 Βολουοιαυοῦ.
1339 647 1455 712 eadem
1478 647 1545 712 sine
1563 645 1660 711 dubio
1683 647 1774 733 origo
1791 647 1891 712 etiam
1907 665 2056 732 sequen-

394 751 473 815 tium
496 753 662 816 consulum
684 772 714 814 v.
732 754 772 815 23

854 848 1031 921 Ἀντωνίου
1053 851 1111 920 καὶ
1134 850 1368 946 Κιυασαβήυου
1433 855 1473 941 λγ
1536 881 1580 940 χμ

391 978 425 1042 in
447 999 510 1064 quc
534 983 685 1063 portento
710 978 736 1041 si
758 976 889 1041 nomina
911 997 1045 1041 romana
1068 997 1216 1062 quaeras,
1239 977 1334 1042 facile
1358 979 1497 1064 emergit
1518 979 1654 1065 pristina
1674 979 1772 1044 lectio

958 1093 1135 1165 ’Λυτωυίου
1156 1094 1304 1165 Καικίνα
1328 1095 1483 1184 Σαβίνους

393 1243 475 1308 quae
499 1223 629 1286 nomina
650 1221 740 1286 hand
762 1222 828 1288 scio
851 1243 894 1286 au
917 1219 1034 1288 ecdem
1057 1221 1188 1287 consilio
1213 1220 1376 1310 adscripta
1398 1223 1518 1288 fuerint
1540 1222 1664 1287 consuli
1679 1242 1709 1288 a.
1727 1226 1790 1288 316
1813 1242 1844 1308 p.
1862 1219 1938 1286 Chr.
1963 1220 2055 1285 infra

392 1349 422 1391 v.
441 1330 481 1392 36
504 1327 610 1413 posito
636 1321 790 1412 Σαβίνου.
837 1326 899 1400 Qui
922 1332 1045 1391 restant
1067 1332 1133 1390 tres
1156 1327 1340 1391 consulatus

782 1468 813 1513 v.
834 1451 870 1510 15
905 1442 1159 1513 Κωυοταυτίυου
1180 1442 1218 1513 τὸ
1241 1451 1261 1533 ᾗ
1282 1445 1339 1514 καί
1362 1443 1563 1534 Μαξημίυοο
1584 1441 1623 1514 τὸ
1645 1452 1665 1534 ᾗ

392 1570 445 1635 vel
467 1569 574 1655 potius
596 1575 632 1633 ut
655 1569 790 1634 conlatis
813 1569 930 1634 ceteris
952 1569 1042 1634 fastis
1066 1575 1217 1655 apparet,
1245 1568 1379 1633 sublatis
1403 1589 1446 1633 ex
1468 1572 1643 1634 v.15-18
1667 1566 1849 1633 consulibus
1880 1565 2055 1631 ordinariis

393 1693 422 1739 a.
439 1676 501 1738 313
525 1671 736 1738 constantino
759 1672 811 1737 IH
834 1679 868 1737 et
889 1672 1014 1737 Licinio
1037 1672 1089 1737 HI

581 1841 584 1884 ,
756 1789 950 1878 Μαξιμίυου
972 1789 1010 1860 τὸ
1034 1797 1053 1881 {¹
1075 1792 1163 1881 (καὶ)
1187 1789 1438 1862 Κωνσιαυοίυου
1460 1789 1498 1861 τὸ
1522 1782 1551 1872 d,
1575 1793 1693 1859 deinde

598 1920 628 1965 v.
646 1903 686 1963 27
720 1895 876 1964 Λικινίου
897 1894 936 1966 τὸ
959 1905 977 1964 i
998 1896 1056 1963 καὶ
1079 1894 1227 1983 Πρίσκου
1251 1893 1471 1984 (1.11ρίσπου)
1494 1894 1532 1965 τὸ
1554 1902 1574 1986 ᾗ

597 2025 626 2067 v.
645 2007 685 2068 29
720 1999 867 2088 Πρίσκου
891 2001 926 2088 (1.
942 1997 1113 2087 Κρίσπου)
1136 1997 1174 2067 τὸ
1195 1988 1215 2067 d
1237 1999 1294 2068 καὶ
1317 1998 1568 2068 Κωυαταντίυου
1589 1999 1627 2068 τὸ
1651 1989 1676 2067 d

393 2123 556 2208 quomodo
580 2125 641 2188 orti
664 2125 737 2206 sint,
761 2125 817 2189 ubi
841 2131 998 2190 terrarum
1021 2147 1080 2210 pro
1104 2125 1220 2210 quibus
1243 2124 1427 2189 consulibus
1450 2125 1625 2189 renuntiati
1648 2145 1719 2188 esse
1743 2124 1880 2210 possint,
1905 2121 2052 2185 11111101-

392 2234 478 2291 tasse
502 2228 620 2310 scient,
650 2250 711 2313 ego
735 2230 810 2293 nolo
840 2230 958 2294 ariolus
983 2250 1063 2294 csse.
1107 2229 1168 2293 His
1191 2229 1275 2293 vitiis
1299 2228 1407 2293 evenit
1430 2235 1465 2292 ut
1486 2249 1597 2294 omnes
1619 2227 1695 2292 inde
1719 2231 1846 2293 111117
1870 2224 1968 2312 (Phil.
1993 2223 2054 2306 χίιζ

392 2330 496 2396 Diocl.
516 2330 550 2416 λ)
580 2353 736 2396 annorum
767 2335 892 2396 numeri
921 2334 1062 2420 corrupti
1091 2334 1154 2397 sint
1182 2332 1311 2419 fideque
1340 2333 1437 2419 plane
1468 2338 1609 2397 careant.
1660 2330 1727 2397 Sed
1757 2349 1895 2416 sequens
1928 2328 2054 2414 pagina

394 2439 527 2499 1112621
556 2457 629 2500 cum
660 2438 842 2502 consulibus
872 2438 1024 2502 1111111321
1052 2458 1084 2523 p.
1102 2437 1178 2501 Chr.
1203 2437 1316 2524 Crispo
1339 2437 1373 2502 Π
1396 2442 1430 2502 et
1453 2437 1661 2502 Constantino
1686 2435 1720 2500 ΙΙ
1743 2455 1860 2499 annum
1883 2433 1966 2498 Phil.
1984 2455 2054 2516 χμς

392 2538 496 2604 Diocl.
513 2539 560 2606 λθ
582 2540 749 2627 adsignet,
782 2563 934 2607 numeros
963 2543 1060 2626 igitur
1089 2541 1215 2606 duobus
1246 2549 1369 2607 tantum
1398 2543 1489 2607 aunis
1518 2542 1721 2626 ultraquam
1752 2541 1800 2604 ias
1824 2542 1894 2604 erat
1917 2543 2053 2621 augeat,

396 2648 485 2706 certo
508 2650 635 2708 constat
658 2646 690 2709 in
716 2646 895 2732 exemplari
918 2645 950 2709 h.
968 2666 996 2710 e.
1020 2645 1222 2731 aStephano
1238 2644 1460 2710 Alexandrino
1478 2645 1559 2710 duos
1582 2649 1707 2708 tantum
1724 2643 1907 2708 consulatus
1922 2641 2054 2727 spurios

392 2745 549 2811 admissos
572 2769 653 2830 esse,
678 2751 818 2837 reliquos
841 2749 1044 2815 librariorum
1069 2749 1229 2814 erroribus
1254 2749 1375 2814 deberi.
1420 2748 1564 2834 Egregio
1580 2749 1613 2813 in
1632 2749 1695 2812 hac
1710 2768 1745 2812 re
1760 2768 1819 2811 usu
1834 2751 1908 2811 sunt
1922 2745 2055 2809 numeri

392 2850 554 2937 adscripti.
601 2873 696 2938 quos,
720 2854 747 2916 si
775 2855 1020 2940 neglegentiam
1044 2875 1107 2940 qua
1136 2854 1288 2919 librarius
1319 2855 1351 2918 in
1374 2853 1519 2918 versibus
1543 2856 1680 2919 34-36
1703 2873 1779 2916 usus
1802 2858 1865 2932 est,
1893 2855 2055 2935 utsupra

393 2977 424 3042 p.
442 2958 503 3020 367
526 2956 604 3037 ieci,
636 2957 854 3043 expediveris,
886 2958 1012 3024 videbis
1036 2959 1254 3024 consulatibus
1280 2963 1432 3044 quattuor
1461 2957 1709 3044 interpolatione
1733 2955 1865 3020 remotis
1889 2959 1923 3018 et
1945 2955 1977 3018 in
2001 2953 2054 3018 in-

392 3060 510 3124 feriore
532 3061 676 3146 margine
693 3064 850 3150 suppletis
875 3071 963 3128 recta
988 3064 1135 3129 adscribi.
1181 3064 1254 3127 hinc
1277 3063 1342 3127 iam
1366 3069 1454 3127 certo
1478 3061 1642 3142 diiudices‚
1666 3061 1721 3146 qui
1744 3060 1927 3124 consulatus
1950 3058 2054 3144 spurii

391 3164 522 3230 librario
550 3165 747 3250 glossemata
777 3190 835 3254 pro
869 3170 1037 3254 eponymis
1059 3167 1255 3248 venditanti,
1287 3168 1342 3254 qui
1365 3166 1522 3252 Stephani
1545 3164 1625 3229 fonti
1648 3163 1838 3230 debeantur.
1883 3163 1952 3226 sani
1976 3167 2055 3226 sunt

392 3270 518 3333 numeri
540 3290 696 3335 annorum
718 3272 801 3336 Phil.
819 3276 989 3337 637-641
1016 3279 1050 3337 et
1072 3295 1144 3337 cum
1161 3273 1304 3337 Theonis
1327 3272 1484 3336 laterculo
1502 3270 1708 3344 conveniunt;
1732 3269 1871 3333 nascitur
1886 3265 2055 3330 dissensus

394 3371 529 3437 duorum
564 3395 719 3440 annorum
754 3397 833 3441 coss.
871 3374 995 3441 Licinio
1019 3377 1050 3440 V
1080 3377 1195 3464 Crispo
1218 3376 1271 3441 ΙΙΙ
1304 3383 1337 3440 et
1368 3374 1481 3461 Orispo
1504 3374 1553 3438 IV
1586 3372 1797 3438 Constantino
1824 3370 1873 3434 IV
1906 3369 1988 3434 salso
2020 3371 2056 3435 in

394 3475 538 3540 tabulam
562 3479 673 3544 relatis
703 3478 761 3543 sub
785 3478 995 3545 11.Ρ1111.612
1020 3487 1053 3544 et
1075 3485 1148 3546 643.
1193 3481 1246 3545 hic
1274 3481 1372 3565 igitur
1400 3501 1489 3544 error
1511 3478 1676 3564 Stephano
1705 3476 1865 3563 antiquior
1886 3473 2055 3561 quomodo

394 3587 482 3645 ortus
510 3581 566 3662 sit,
589 3583 698 3647 nescio
722 3581 887 3669 equidem:
920 3591 1043 3648 certum
1068 3585 1146 3649 mihi
1170 3591 1219 3649 est
1242 3584 1322 3648 duos
1344 3584 1417 3648 illos
1440 3583 1622 3648 consulatus
1644 3582 1732 3646 nullo
1756 3580 1853 3646 modo
1875 3580 1967 3644 fictos
1991 3579 2056 3644 sad

394 3705 436 3750 ex
458 3706 566 3749 rerum
588 3687 746 3751 memoria
768 3687 888 3773 petitos
912 3709 993 3752 csse.
1048 3709 1089 3752 ne
1112 3689 1220 3754 ficticii
1243 3686 1373 3774 quidem
1396 3687 1442 3751 illi
1465 3691 1625 3773 quattuor,
1649 3690 1818 3772 postquam
1841 3705 1952 3748 eorum
1969 3683 2056 3748 ratio

393 3795 567 3876 perspecta
589 3797 654 3867 est,
678 3791 745 3855 sine
769 3791 874 3856 insctu
898 3798 1000 3856 erunt.

497 3894 536 3957 ln
559 3895 708 3980 proxima
731 3895 852 3981 pagina
874 3899 918 3958 M
931 3899 1011 3959 2621
1033 3903 1165 3979 praeter
1187 3915 1342 3959 numeros
1365 3894 1446 3958 falso
1471 3895 1553 3958 binis
1575 3894 1666 3957 annis
1682 3899 1793 3958 auctos
1808 3915 1905 3958 unum
1926 3897 2057 3957 tantum

394 4004 564 4083 peccatum
595 4003 654 4062 est.
701 3999 836 4062 omissus
870 4005 940 4063 erat
970 3999 1152 4063 consulatus
1174 3998 1256 4062 XVI
1284 3997 1465 4084 Nepotiani
1494 4003 1527 4062 et
1549 3997 1694 4062 Facundi
1722 4018 1750 4061 a.
1768 4001 1829 4062 336
1856 3995 2055 4083 110111111-

393 4101 534 4187 fimoque
557 4101 629 4165 loco
654 4107 821 4188 tamquam
844 4102 943 4167 XVII
967 4104 1035 4168 eius
1061 4104 1201 4189 paginae
1231 4111 1318 4167 esset
1342 4102 1471 4167 additus
1494 4109 1558 4178 est;
1585 4101 1710 4166 numeri
1732 4102 1874 4187 utrisque
1898 4099 2057 4187 adscripti

394 4226 458 4270 non
480 4227 557 4270 vero
590 4205 693 4270 ordini
725 4207 919 4272 conveniunt
949 4207 1007 4272 ssd
1036 4209 1067 4272 ei
1097 4228 1193 4294 quem
1222 4207 1344 4272 librarii
1366 4207 1576 4292 neglegentia
1600 4206 1733 4270 crearit.
1780 4210 1963 4269 esttamen
1987 4226 2054 4291 quo

393 4311 509 4374 erroris
538 4311 608 4396 ipse
637 4331 673 4374 ae
710 4310 859 4375 librarius
892 4318 1016 4396 arguet.
1068 4331 1152 4396 quae
1181 4311 1266 4374 enim
1294 4311 1328 4375 in
1358 4311 1505 4395 margine
1535 4309 1661 4373 sinistro
1695 4329 1774 4373 coss.
1805 4307 1989 4394 Nepotiano
2019 4315 2056 4373 et

393 4413 547 4479 Facundo
564 4414 755 4480 adscribitur
770 4422 847 4481 uota
861 4425 891 4489 -1
905 4414 947 4480 ad
963 4417 1108 4481 scholion
1124 4416 1299 4501 pertinens,
1317 4416 1394 4479 olim
1412 4415 1459 4479 eis
1475 4413 1658 4478 consulibus
1674 4412 1837 4499 adscripta
1852 4418 1923 4477 erat
1937 4411 2057 4498 quibus

396 4519 587 4584 novissimus
609 4521 751 4605 paginae
774 4520 898 4584 loculus
922 4520 1116 4600 debebatur,
1140 4519 1306 4584 Feliciano
1330 4525 1364 4583 et
1385 4519 1523 4583 Titiano.

498 4623 569 4688 Iam
593 4625 759 4688 consulum
783 4625 861 4689 ordo
885 4626 972 4689 nullo
990 4646 1099 4690 errore
1122 4623 1298 4711 impeditus
1320 4644 1423 4710 usque
1448 4619 1489 4686 ad
1515 4623 1636 4686 calcem
1659 4619 1837 4686 deducitur.
1874 4641 1949 4684 nam
1965 4620 2058 4706 quod

394 4729 542 4794 consules
558 4750 714 4793 annorum
731 4733 901 4794 518-584
918 4751 949 4816 p.
965 4728 1039 4793 Chr.
1057 4729 1090 4811 (1.
1108 4727 1165 4814 61)
1187 4729 1220 4791 in
1237 4727 1348 4793 codice
1367 4728 1493 4814 (nonin
1512 4728 1568 4810 M)
1586 4731 1661 4790 ante
1678 4726 1825 4790 consules
1840 4746 1869 4789 a.
1882 4727 2056 4790 las-517

393 4855 424 4919 p.
440 4831 514 4897 Ohr.
533 4833 566 4916 (1.
584 4836 637 4914 62)
662 4835 823 4919 leguntur,
847 4855 910 4898 non
933 4833 1054 4897 librarii
1070 4833 1128 4896 sed
1143 4831 1351 4918 bibliopegae
1369 4832 1464 4917 culpa
1481 4831 1675 4913 factumest,
1699 4831 1754 4915 qui
1773 4830 1942 4894 interiores
1957 4829 2057 4893 fasci-

394 4939 456 5002 culi
480 4936 616 5002 schedas
638 4959 703 5002 non
719 4944 807 5002 recte
825 4937 1028 5024 conplicavit.
1068 4937 1177 5000 omissi
1194 4936 1343 5000 consules
1358 4936 1379 5000 1.
1395 4939 1448 5000 661
1464 4938 1519 4999 621
1534 4939 1587 5000 611
1605 4937 1649 5022 (v.
1660 4933 1695 5020 8)
1711 4941 1798 4998 recte
1815 4933 1954 5019 suppleti
1969 4939 2056 4997 aunt.

395 5040 453 5107 sed
477 5063 554 5106 sane
579 5063 735 5106 annorum
758 5043 894 5124 numeri,
918 5048 954 5106 ut
976 5042 1110 5126 singulis
1133 5041 1260 5128 paginis
1284 5039 1472 5104 adnotatum
1493 5046 1552 5120 est,
1576 5038 1671 5104 valde
1688 5046 1761 5104 sunt
1777 5037 1928 5125 corrupti.
1964 5058 2058 5102 error

395 5167 491 5233 quem
507 5168 604 5232 supra
624 5146 760 5232 exposui
774 5146 883 5210 effecit
898 5152 934 5208 ut
948 5146 1074 5209 numeri
1087 5146 1185 5209 etiarn
1201 5145 1392 5231 paginarum
1406 5144 1427 5210 1,
1440 5147 1590 5208 581-591
1607 5143 1774 5229 depravati
1786 5143 1857 5208 sint.
1892 5147 2059 5206 corrector

395 5251 471 5317 dum
496 5273 639 5316 errorem
661 5252 766 5336 magis
789 5251 887 5316 sentit
909 5271 1006 5337 quam
1029 5251 1195 5337 perspicit,
1220 5248 1449 5315 emendaturus
1473 5247 1573 5311 erasis
1596 5246 1704 5309 multis
1727 5245 1818 5311 1581
1839 5245 1980 5309 numeris
1998 5243 2058 5308 de-

395 5357 475 5420 stitit
498 5376 517 5418 a
540 5357 673 5443 coeptis.
722 5361 837 5441 postea
861 5353 894 5436 (f.
913 5353 1046 5436 59129)
1071 5375 1178 5418 errore
1201 5355 1320 5418 rectius
1355 5352 1484 5417 definito
1509 5352 1632 5416 curavit
1658 5357 1695 5414 ut
1721 5349 1796 5414 inde
1820 5370 1840 5413 a
1861 5349 1882 5415 1.
1900 5351 1957 5413 591
1979 5351 2059 5414 anni

395 5459 578 5525 consulibus
606 5459 823 5524 convenirent.
869 5457 927 5521 sed
954 5458 1072 5521 iterum
1095 5457 1116 5520 1.
1135 5462 1189 5523 661
1212 5457 1347 5522 omissus
1369 5455 1511 5519 Victoris
1540 5455 1723 5519 consulatus
1746 5454 1855 5520 effecit
1876 5460 1913 5518 ut
1933 5451 2012 5519 inde
2037 5476 2060 5519 a

394 5566 416 5629 1.
435 5569 489 5630 601
507 5567 675 5629 15-6211
701 5562 828 5648 singuli,
852 5562 987 5625 omissus
1011 5561 1129 5626 deinde
1153 5562 1175 5626 1.
1192 5566 1246 5626 621
1269 5559 1403 5626 Patricii
1421 5560 1614 5641 consulatus,
1637 5564 1672 5623 ut
1690 5558 1767 5623 inde
1782 5579 1802 5624 a
1816 5560 1838 5624 f.
1851 5561 1936 5624 6212
1951 5578 2060 5645 usqua

395 5669 438 5734 ad
459 5669 481 5735 1.
501 5671 614 5733 63124
643 5668 710 5733 bini
733 5667 808 5730 anni
836 5665 977 5730 numeris
1010 5665 1159 5731 omnibus
1188 5663 1301 5730 desint.
1348 5663 1432 5750 quod
1456 5662 1568 5728 vitium
1596 5664 1721 5732 etiamsi
1743 5669 1905 5728 corrector
1926 5663 2061 5752 saepius
