4598 6300
375 1519 467 1585 Beda
491 1520 550 1603 (siu
573 1520 658 1583 enim
686 1520 789 1603 magis
819 1540 936 1584 nomen
971 1519 1169 1604 epichorium
1202 1521 1340 1584 hominis
1370 1542 1412 1584 ex
1439 1520 1670 1586 Nerthumbria
1700 1520 1825 1586 oriundi
1848 1522 1926 1586 scri-

270 1623 413 1689 bendum
438 1628 487 1686 est
507 1643 604 1708 quam
620 1621 750 1707 Baedu)
763 1623 787 1706 ¹)
811 1623 896 1686 vitae
920 1643 997 1687 suae
1020 1624 1168 1686 notitiam
1184 1625 1440 1710 scriptorumque
1456 1624 1596 1689 indicem
1619 1624 1756 1689 subiecit
1770 1624 1925 1689 historiae

272 1728 510 1792 ecclesiasticae
534 1726 731 1810 Anglorum,
761 1726 846 1790 unde
870 1727 997 1813 potiora
1025 1727 1078 1793 hic
1105 1748 1232 1813 quoque
1261 1728 1417 1793 exhibere
1447 1729 1580 1794 iuvabit.
1625 1728 1711 1807 baec,
1735 1736 1848 1794 auctor
1871 1730 1926 1811 ait,

271 1835 309 1896 de
335 1831 469 1896 historia
501 1829 712 1894 ecclesiastica
739 1830 984 1896 Brittoniarnm
1013 1837 1043 1896 et
1069 1834 1207 1896 nmairm
1227 1833 1331 1914 pontis
1352 1832 1539 1914 Anplornm,
1554 1838 1656 1914 proed
1677 1831 1724 1896 cel
1745 1854 1784 1897 ea
1813 1831 1928 1896 litteris

270 1937 476 2017 antiquorum
504 1933 550 1998 cel
577 1955 616 1998 aa
645 1933 817 1999 traditione
843 1935 1001 1999 amimam
1028 1934 1075 1999 vel
1104 1956 1143 1999 err
1170 1957 1240 2000 meu
1266 1937 1333 2016 ipse
1360 1937 1534 2018 capnitiune
1561 1937 1643 2002 scire
1670 1937 1777 2016 potui,
1799 1937 1925 2000 domino

270 2041 444 2104 minuente
466 2039 581 2119 dipessi
607 2037 700 2101 Beda
727 2036 872 2117 famulus
905 2036 1030 2103 Christi
1059 2043 1089 2101 et
1116 2038 1279 2121 presbyter
1311 2041 1497 2104 monasterii
1524 2040 1685 2104 beatorum
1713 2038 1925 2120 apostolerum

271 2143 361 2207 Petri
388 2148 417 2206 et
445 2139 559 2217 Pauli,
587 2141 672 2222 qnod
705 2146 749 2205 est
780 2142 825 2204 ad
854 2141 1071 2205 Vinraemnda
1094 2141 1325 2226 (Waarmouth
1358 2164 1460 2228 prope
1489 2143 1649 2228 Durham)
1683 2149 1712 2208 et
1744 2144 1923 2225 Inpprnnm

270 2246 412 2335 (Jsmow
435 2266 517 2310 com.
541 2244 718 2328 Durhsm),
741 2246 798 2326 qai
820 2250 918 2308 nutus
941 2246 977 2309 in
999 2246 1158 2310 territorio
1180 2246 1318 2311 eiusdem
1339 2248 1524 2312 murmsterii
1552 2268 1623 2311 cam
1646 2268 1742 2311 essem
1764 2267 1942 2310 annnam·

270 2355 397 2432 septem,
428 2369 508 2413 cura
535 2349 790 2429 popinquum
820 2348 917 2412 datus
947 2370 1019 2413 sum
1051 2350 1236 2414 edmundus
1268 2352 1516 2415 reuerentissimo
1543 2351 1652 2416 abbati
1687 2350 1860 2414 Benedicta
1888 2371 1927 2414 ac

270 2455 381 2519 deinde
400 2453 567 2533 deotfrido,
583 2458 793 2533 cunctamque
814 2474 853 2516 ea
875 2473 909 2517 eo
925 2457 1046 2532 tempus
1060 2453 1144 2517 vitae
1159 2454 1195 2517 in
1210 2454 1350 2518 eiusdem
1366 2455 1550 2518 monasterii
1565 2454 1760 2519 habitatione
1768 2474 1927 2534 perapens

270 2580 390 2624 omnem
405 2557 598 2621 meditandis
613 2556 784 2637 scripturis
798 2577 925 2636 operam
946 2557 1020 2620 dedi
1043 2561 1136 2637 utque
1159 2558 1243 2622 inter
1264 2558 1494 2622 abrenuntiem
1517 2557 1704 2639 diseipdinue
1725 2556 1883 2640 reputaris
1897 2562 1927 2621 et

270 2663 465 2727 cotidianam
487 2659 642 2724 contundi
663 2660 700 2722 in
721 2658 850 2723 eceksiu
873 2681 984 2724 curam
1005 2681 1125 2741 semper
1147 2666 1206 2724 unt
1228 2661 1347 2726 discere
1372 2667 1431 2726 ant
1460 2662 1567 2726 docere
1593 2667 1653 2726 unt
1681 2661 1815 2726 scribere
1837 2660 1928 2726 dntee

269 2766 376 2830 bubni.
421 2785 504 2828 nono
526 2764 644 2828 meiero
666 2768 773 2828 antem
794 2763 879 2828 ritae
900 2785 986 2828 nreue
1007 2785 1094 2828 anno
1116 2765 1367 2851 diaemmtum²)‚
1397 2767 1554 2830 tricesimu
1573 2767 1710 2848 pradum
1726 2765 1927 2847 presbytera-

269 2875 331 2947 tm,
353 2874 523 2948 utramque
545 2887 604 2950 per
625 2867 840 2930 ministerium
860 2868 1105 2931 reverentissimi
1132 2869 1268 2950 episcopi
1290 2869 1448 2932 Iohannis
1477 2869 1599 2934 iubente
1632 2867 1789 2949 (leutfrido
1817 2869 1927 2934 abbate

268 2972 401 3053 smcepi.
439 2993 478 3035 ea
500 2991 561 3051 qao
577 2975 711 3050 tempore
726 2970 845 3050 accepti
860 2970 1100 3052 presbyteratus
1113 2992 1213 3052 usqne
1235 2971 1279 3035 ud
1300 2993 1423 3036 annam
1444 2975 1561 3036 aetatis
1582 2995 1668 3038 nreae
1687 2972 1835 3037 LVIIII
1851 2973 1927 3036 truce

352 3077 484 3140 breviter
498 3074 675 3138 adnotare.
695 3122 702 3136 .
721 3121 727 3137 .
746 3122 752 3136 .
770 3074 891 3138 curaui.
929 3080 1079 3138 recenset
1094 3073 1212 3139 deinde
1229 3095 1339 3161 opera,
1354 3077 1388 3140 in
1403 3077 1453 3140 his
1470 3097 1542 3141 cum
1558 3076 1725 3141 historiam
1740 3075 1926 3141 coemisset-
2023 3084 2025 3090 ‘

269 3200 339 3244 cam
360 3183 487 3242 nostrae
509 3176 634 3241 imnbue
656 3176 818 3256 arpentis
840 3175 990 3240 inlibris
1012 3175 1129 3241 Vtum
1158 3177 1196 3239 de
1222 3183 1344 3242 nutnru
1372 3201 1479 3244 reram
1501 3184 1531 3242 et
1553 3179 1591 3243 de
1618 3180 1809 3262 temporibus
1831 3178 1926 3243 libros

267 3283 423 3366 sinpulcs,
446 3283 520 3345 item
542 3281 580 3344 de
602 3279 793 3359 temporibus
819 3278 936 3343 librum
951 3281 974 3344 Ι
992 3280 1151 3342 maiorem.
1196 3281 1261 3344 iam
1285 3301 1357 3345 cum
1381 3282 1534 3347 historiae
1565 3283 1803 3347 ecclesiasticae
1830 3281 1924 3346 Beda

268 3387 365 3452 finem
392 3385 582 3471 imposuerit
613 3404 643 3447 a.
661 3384 761 3464 731³)
785 3403 891 3467 neque
915 3383 1086 3447 verisimile
1117 3385 1159 3448 sit
1187 3384 1272 3448 inter
1301 3406 1383 3470 opus
1412 3387 1517 3471 ipsum
1548 3387 1671 3450 finitum
1700 3391 1733 3450 et
1761 3386 1924 3471 epilogum

268 3491 357 3555 illum
381 3489 577 3574 adscriptum
600 3488 726 3572 longius
749 3487 954 3551 intervallum
978 3488 1212 3570 intercessisse,
1236 3487 1330 3553 Beda
1352 3497 1445 3554 natus
1470 3496 1519 3554 est
1548 3511 1577 3554 a.
1599 3493 1672 3554 673.
1718 3490 1821 3552 minus
1845 3509 1920 3553 con-

268 3601 333 3658 stat
355 3593 396 3658 de
420 3614 503 3657 anno
527 3592 644 3656 obitus.
691 3611 733 3655 ex
757 3591 905 3676 epistula,
930 3612 994 3677 qua
1016 3598 1154 3656 mortem
1179 3593 1248 3656 eius
1272 3601 1402 3658 enarrat
1424 3593 1597 3680 discipulus
1621 3592 1828 3669 Outhbortus,
1852 3613 1924 3658 cum

159 3688 163 3696 ’
269 3699 428 3764 efficiatur
459 3718 532 3761 eum
557 3696 675 3760 obiisse
699 3715 837 3781 vespera
859 3703 934 3760 ante
958 3697 1153 3760 ascensionis
1177 3695 1262 3761 diem
1285 3698 1367 3762 feria
1390 3705 1515 3783 quarta,
1537 3699 1642 3784 ipsum
1666 3695 1751 3760 diem
1768 3696 1925 3781 epistulae

269 3804 338 3866 eius
369 3800 496 3866 codices
520 3801 687 3864 enuntiant
709 3798 845 3864 diverse.
892 3800 1015 3864 scilicet
1036 3801 1068 3863 in
1092 3801 1312 3885 antiquissimo
1337 3808 1371 3866 et
1390 3803 1532 3866 omnium
1548 3801 1700 3886 primario
1719 3800 1922 3885 Sangallensi

266 3928 297 3971 n.
315 3911 377 3970 254
401 3927 485 3970 sace.
502 3905 551 3969 IX
579 3903 622 3968 ad
643 3903 744 3968 verba
772 3925 871 3984 nsque
900 3904 944 3966 ad
965 3904 1048 3966 diem
1070 3905 1265 3968 moenianis
1287 3905 1464 3970 dominicae
1486 3907 1584 3969 uitam
1607 3905 1739 3968 ducebat
1761 3902 1924 3968 adiectum

268 4017 318 4074 est
348 4011 384 4074 id
410 4015 455 4073 est
477 4007 547 4073 VII
570 4009 613 4072 id.
638 4007 751 4071 Maias
774 4009 829 4092 (=
847 4008 923 4072 Mai.
941 4008 985 4091 9).
1040 4015 1150 4072 contra
1180 4010 1391 4092 recentiores,
1421 4017 1509 4074 certe
1541 4016 1606 4073 tres
1640 4007 1925 4093 Cantabrigienses

267 4113 398 4199 (Mayor
425 4120 459 4176 et
479 4112 608 4198 Lumby
629 4110 743 4176 Bedae
767 4112 839 4178 hist.
864 4112 942 4177 eccl.
965 4112 986 4176 l.
1003 4110 1063 4176 111.
1087 4110 1135 4175 IV
1158 4135 1189 4199 p.
1207 4111 1263 4196 40)
1280 4135 1338 4199 pro
1363 4134 1402 4177 eo
1427 4112 1479 4177 die
1496 4113 1692 4177 substituunt
1715 4111 1787 4176 Vll
1802 4111 1831 4175 k.
1849 4110 1925 4174 Iun.

268 4215 357 4299 (Mai.
373 4219 438 4300 26).
484 4217 588 4302 ipsum
613 4215 827 4281 Outhbertnm
849 4224 998 4281 neutrum
1022 4217 1167 4302 posuisse
1191 4217 1364 4282 verisimile
1388 4224 1438 4282 cst
1460 4239 1525 4282 non
1547 4218 1651 4282 solum
1674 4217 1825 4302 quoniam
1853 4214 1925 4278 libri

267 4320 408 4401 variant,
432 4319 489 4383 sed
514 4321 612 4384 etiam
635 4326 770 4406 propter
792 4342 864 4385 eam
888 4341 1034 4400 oausam,
1059 4321 1146 4405 quod
1169 4320 1255 4385 diem
1278 4321 1401 4386 nullum
1425 4321 1581 4386 adnotare
1604 4321 1711 4405 potuit
1732 4320 1793 4383 nisi
1817 4318 1924 4382 obitus

266 4423 367 4507 ipsius
390 4443 529 4509 eumque
545 4425 599 4487 vix
622 4426 667 4487 ita
689 4426 939 4510 persumpsisset,
963 4431 999 4488 ut
1022 4426 1066 4488 sic
1089 4431 1125 4488 ut
1147 4426 1265 4511 legitur
1281 4425 1323 4490 ad
1340 4424 1426 4490 diem
1446 4426 1641 4489 ascensionis
1662 4423 1776 4487 referri
1791 4421 1923 4504 debeat,

267 4546 338 4590 eum
354 4524 449 4589 Beda
473 4526 589 4591 obierit
610 4527 830 4613 praecedenti.
877 4527 965 4613 quod
986 4529 1013 4590 si
1037 4527 1106 4592 dies
1122 4528 1267 4592 adiectus
1284 4535 1333 4593 est
1348 4528 1584 4615 interpolando,
1607 4535 1778 4611 utrumque
1797 4525 1924 4589 admitti

267 4636 385 4715 potest,
409 4635 444 4693 et
467 4628 553 4693 diem
576 4633 772 4696 ascensionis
795 4630 957 4696 adiectum
982 4652 1052 4696 esse
1083 4631 1255 4718 adsumpto
1279 4633 1464 4718 menologio
1488 4632 1543 4718 (eo
1570 4633 1654 4696 enim
1679 4629 1779 4695 verba
1803 4629 1925 4693 ducunt

374 4837 394 4903 ¹)
413 4838 506 4890 Baedu
522 4838 670 4906 appellatur
687 4841 714 4890 in
732 4841 818 4892 codiee
836 4841 886 4908 ipsi
904 4842 958 4893 tera
975 4841 1080 4907 aequali
1097 4841 1303 4908 Csntabrigiensi
1322 4841 1444 4893 historias
1461 4840 1650 4892 ecclesiastieae
1667 4846 1694 4890 et
1711 4839 1783 4902 alibi,
1802 4837 1879 4890 Beda
1896 4838 1924 4888 in

266 4927 407 4995 plerisque;
426 4926 470 4977 sed
488 4926 605 4976 codicum
623 4927 765 4978 auctoritas
782 4928 815 4978 ad
833 4928 959 4978 eiusmodi
977 4928 1135 4979 differentias
1153 4943 1204 4978 uon
1223 4929 1349 4996 pervenit.
1386 4928 1516 4978 Henricus
1534 4927 1644 4978 Zimmer
1668 4943 1684 4977 a
1706 4941 1746 4976 me
1771 4931 1878 4991 rogatus
1896 4926 1924 4976 in

265 5015 324 5081 eph.
342 5021 428 5064 nostra
447 5012 534 5073 (rreaes
552 5011 649 5062 Arabio
669 5011 701 5062 16
718 5029 743 5064 ιι.
759 5009 822 5063 1891
842 5030 868 5080 p.
881 5011 944 5078 599)
963 5015 1074 5065 ostendit
1091 5015 1203 5065 nominis
1221 5015 1291 5082 apud
1309 5013 1508 5065 Northumbriae
1528 5011 1663 5080 indigenas
1683 5028 1734 5062 non
1752 5011 1804 5063 rari
1816 5012 1924 5062 vetusti-

265 5120 334 5155 orem
360 5105 466 5154 lormam
490 5102 569 5153 luisse
593 5100 698 5164 Baeda,
722 5109 850 5169 receptum
876 5119 906 5154 oo
929 5111 1042 5170 tempore
1066 5121 1117 5169 quo
1136 5103 1243 5155 historia
1262 5105 1357 5170 scripta
1376 5110 1415 5154 est
1433 5102 1516 5152 Besa.
1560 5101 1705 5152 declinatur
1722 5099 1873 5164 plerumque
1891 5097 1924 5148 ad

265 5191 387 5256 primam,
405 5190 449 5240 scd
468 5196 498 5240 ut
515 5187 612 5251 Attila,
635 5189 732 5251 Tettio,
753 5189 864 5251 Gordia,
893 5189 974 5239 ltine
998 5191 1094 5256 passim
1112 5191 1252 5240 flectuntur
1275 5191 1302 5240 in
1321 5191 1367 5240 arri
1385 5190 1426 5240 vel
1444 5189 1502 5239 anm
1521 5187 1565 5252 (cl.
1579 5189 1607 5238 0.
1621 5187 1719 5236 l.L.V
1738 5201 1762 5250 p.
1781 5183 1868 5248 1205),
1887 5185 1924 5234 ita

264 5277 391 5342 reperitur
408 5277 485 5327 etiam
510 5277 646 5341 genetivus
665 5275 781 5336 Radani,
806 5282 836 5326 ut
858 5277 984 5341 epistulae
1002 5277 1137 5328 Cuthberti
1161 5277 1193 5327 de
1211 5276 1284 5327 obitu
1302 5278 1358 5327 eius
1375 5276 1551 5340 subscriptum
1569 5281 1609 5324 est
1626 5274 1653 5323 in
1671 5273 1726 5322 aod.
1745 5270 1923 5336 sangallensi:

258 5362 321 5429 fluit
343 5363 374 5414 de
398 5363 467 5413 obita
485 5362 589 5414 Bedani
606 5362 757 5428 presbyteri.
866 5361 888 5422 'l
908 5363 977 5413 Hinc
995 5363 1108 5429 pendens
1132 5362 1277 5413 Florentius
1298 5363 1484 5429 Wigornisnsis
1509 5363 1588 5424 (mon.
1609 5361 1668 5411 Brit.
1690 5362 1700 5410 l
1721 5376 1743 5425 p.
1757 5356 1819 5420 539)
1838 5357 1924 5408 Bodas

264 5449 428 5500 diaconatum
446 5450 582 5501 adnotavit
598 5451 630 5500 ad
648 5467 672 5501 a.
685 5447 744 5502 693,
868 5447 889 5512 ³)
908 5447 976 5514 b,‘23
994 5451 1052 5501 fin:
1071 5449 1111 5500 bic
1129 5457 1165 5500 est
1181 5450 1210 5499 in
1225 5450 1436 5515 praesentiarum
1453 5449 1590 5499 antivarum
1610 5455 1691 5498 staura
1709 5445 1857 5495 Brittaniae
1874 5483 1880 5496 .
1897 5481 1923 5494 ..

264 5535 408 5586 dumirdcue
427 5574 472 5587 ...
492 5536 680 5588 incarnationis
697 5555 766 5588 arrno
785 5537 1003 5602 septingentesima
1022 5535 1147 5588 tricesimo
1163 5536 1257 5602 primo.

1664 5626 1717 5678 re·
