4552 6308
1015 355 1061 411 IV.
1081 354 1186 411 ansul
1205 353 1434 411 nnancnlnru

876 524 1030 596 ἅνόντοτα
1374 534 1428 595 ΕΗ
1494 535 1566 596 otte

872 626 1041 719 Ἀστερίου
1064 633 1119 700 καὶ
1145 631 1326 722 Πρεσιόίου
1370 639 1424 699 ΕΗ
1490 639 1564 700 otte

400 756 492 820 simul
522 761 555 819 et
585 757 770 841 primariam
797 757 997 820 notationem
1025 763 1059 820 ct
1081 757 1247 820 consulum
1276 758 1406 821 nomina
1432 764 1507 842 post
1531 756 1658 821 adiecta
1681 759 1834 822 servavit:
1866 761 2060 846 primariam

400 881 471 924 oum
493 861 526 925 in
549 859 660 926 codice
683 859 792 945 legum
816 881 880 924 non
903 858 1045 924 deletam
1067 861 1256 943 invenisset,
1288 859 1473 947 Stephanus
1505 861 1657 947 religiose
1681 865 1822 928 servavit
1844 865 1913 929 sine
1937 887 2059 932 nume·

398 986 508 1030 rorum
532 986 651 1031 errore.

501 1069 604 1134 Vides
631 1069 729 1155 igitur
756 1069 817 1132 hos
843 1069 944 1132 fastos
974 1071 1089 1136 saltem
1118 1069 1193 1136 inde
1222 1092 1242 1135 a
1269 1072 1399 1135 saeculo
1428 1071 1476 1136 IV
1506 1079 1653 1138 extremo
1667 1071 1692 1158 ι)
1717 1075 1807 1159 quasi
1835 1082 1910 1142 ante
1942 1079 2060 1142 oculos

398 1180 524 1238 nostros
546 1174 634 1238 nasci
656 1179 690 1238 et
711 1173 849 1259 vestigia
871 1175 1032 1260 permulta
1055 1177 1186 1260 originis
1209 1176 1343 1261 egregia
1365 1197 1437 1240 cum
1461 1175 1525 1239 fide
1546 1197 1686 1258 servare,
1710 1174 1911 1264 Stephanum
1931 1187 2057 1264 autem,

399 1299 470 1342 curn
501 1299 557 1342 eos
585 1277 828 1364 invtemporum
854 1276 999 1342 tabulam
1029 1279 1208 1365 redigeret,
1240 1280 1393 1366 religiose
1424 1281 1562 1362 cavisse,
1590 1302 1630 1346 ne
1660 1283 1830 1368 quicquam
1859 1286 2060 1370 neglegeret

398 1390 454 1446 aut
476 1388 626 1447 mutaret.
670 1383 779 1446 nescio
802 1381 835 1445 in
857 1381 919 1446 hoc
942 1403 1063 1467 genere
1085 1383 1290 1471 limpidiorne
1315 1392 1349 1449 et
1370 1385 1527 1469 integrior
1548 1385 1619 1448 lons
1641 1386 1722 1449 alius
1746 1393 1862 1452 exstet.

503 1484 686 1551 Orientales
710 1492 820 1550 autem
842 1485 901 1550 hos
925 1485 1024 1551 fastos
1048 1508 1120 1552 esse
1144 1494 1210 1552 tam
1234 1494 1382 1574 apertum
1407 1495 1457 1552 est
1479 1493 1514 1551 ut
1533 1486 1633 1552 verbo
1650 1489 1705 1552 vix
1728 1509 1808 1576 opus
1824 1491 1874 1558 sit.
1913 1491 1945 1556 in
1962 1493 2060 1557 annis

399 1593 571 1656 330-394
595 1611 667 1654 cum
691 1589 835 1675 Hydatio
859 1595 892 1654 ct
915 1590 1064 1655 chronico
1087 1591 1232 1676 paschali
1253 1592 1350 1677 plane
1375 1591 1607 1676 conspirant2),
1636 1592 1698 1655 nisi
1721 1592 1807 1677 quod
1829 1614 1858 1658 a.
1876 1597 1937 1661 381
1963 1603 2058 1661 recte

398 1687 553 1780 Εόχὲριος
575 1691 631 1759 καὶ
648 1688 807 1779 Συάγριος
827 1688 866 1759 τὸ
890 1701 911 1757 ᾶ
933 1691 1073 1776 tradunt,
1097 1715 1169 1759 cum
1191 1695 1237 1758 illi
1254 1693 1402 1758 ordinem
1423 1695 1584 1760 invertant
1599 1693 1642 1759 ad
1663 1717 1787 1761 morem
1803 1696 2057 1766 occidentalium

398 1794 562 1884 Syagrio
587 1804 627 1861 et
647 1795 893 1882 Eucherio³).
943 1797 1059 1884 Neque
1089 1799 1193 1862 minus
1219 1797 1295 1862 inde
1326 1798 1367 1863 ab
1391 1801 1499 1863 naas
1522 1820 1594 1864 cum
1626 1799 1776 1866 chronico
1807 1803 1952 1889 paschali
1975 1825 2057 1868 con-

397 1903 517 1966 sentire
547 1901 652 1966 solent
683 1902 829 1988 exceptis
862 1902 909 1966 eis
937 1903 1016 1967 locis
1046 1924 1126 1988 qnos
1158 1924 1255 1989 supra
1283 1904 1547 1969 examinavimus.
1592 1906 1720 1991 gravior
1747 1928 1812 1970 una
1835 1906 2059 1995 discrepantia

396 2007 480 2071 haec
503 2010 562 2088 est,
586 2005 673 2092 quod
696 2027 814 2071 aunum
831 2010 894 2070 412
916 2007 950 2071 hi
973 2007 1047 2071 fasti
1069 2011 1183 2072 notant

478 2121 639 2214 Ὁνωρίου
660 2121 698 2193 τὸ
721 2130 739 2193 ῖ
761 2125 818 2192 καὶ
845 2121 1026 2194 Θεοδοσίου
1049 2122 1088 2193 τὸ
1113 2135 1140 2210 ἑ,
1170 2129 1277 2194 chron.
1306 2129 1416 2214 pasch.
1441 2132 1530 2213 5715
1558 2125 1740 2195 Θεοδοσίου
1762 2129 1834 2197 νέου
1856 2124 2059 2220 Αὐγούστου

1608 2227 1646 2299 τό
1670 2233 1689 2298 ἑ
1709 2228 1821 2317 μόνου,

397 2374 494 2438 quam
518 2353 559 2418 cb
583 2373 652 2418 rem
675 2373 704 2419 a.
721 2357 794 2416 415.
811 2356 882 2417 417.
900 2355 962 2418 418
985 2354 1109 2418 numeri
1131 2355 1354 2418 consulatuum
1371 2354 1486 2440 quibus
1506 2354 1583 2439 imp.
1599 2353 1763 2420 Honorius
1778 2356 1906 2421 functus
1924 2357 2057 2440 dicitur,

396 2459 430 2522 in
453 2458 597 2543 utrisque
620 2457 711 2521 fastis
735 2453 913 2521 discedunt.
957 2478 1034 2521 nam
1057 2456 1137 2522 illud
1159 2458 1249 2522 nihih
1272 2465 1331 2539 est,
1359 2457 1446 2544 quod
1468 2458 1501 2522 hr

642 2577 733 2642 fastis
755 2576 959 2643 Heraclianis
1493 2578 1643 2643 chronico
1667 2581 1810 2666 paschali

398 2703 426 2746 a.
438 2684 499 2748 528
523 2680 752 2748 Ἰουστινιανοῦ
774 2672 862 2766 Λόγ.
884 2675 923 2747 τὸ
945 2688 968 2763 β
989 2677 1091 2766 μόνου
1276 2681 1501 2747 Ἰουσνινιανοῦ
1522 2674 1609 2769 Αὖγ.
1632 2676 1670 2748 τὸ
1694 2706 1713 2766 y
1734 2678 1835 2768 μόνου

438 2790 500 2852 533
520 2779 753 2852 Ἰουστινιανοῦ
775 2783 860 2869 Asty.
882 2779 921 2850 τό
944 2789 963 2869 ᾧ
984 2780 1087 2869 μόνου
1275 2785 1503 2852 Ἰουστινιονοῧ
1526 2778 1612 2872 Λόγ.
1635 2781 1674 2852 τὸ
1698 2775 1718 2853 d
1738 2782 1841 2869 μόνου

438 2893 500 2956 534
520 2883 754 2956 Ἰουστινιονοῦ
765 2881 851 2974 Αὐγ.
867 2883 907 2955 τὸ
923 2873 943 2954 d
957 2886 1015 2954 καί
1031 2884 1200 2954 Πουλίνου
1271 2881 1502 2955 Ἰουστινισνοῦ
1525 2883 1610 2974 Αὖγ.
1632 2885 1671 2956 τὸ
1695 2897 1713 2956 ἑ
1735 2889 1791 2956 καὶ
1815 2889 1984 2958 Παυλίνου

396 3012 592 3077 inscribitur:
621 3030 790 3076 commune
818 3015 868 3075 est
896 3011 1023 3096 utrique
1053 3011 1175 3075 auctori
1198 3011 1310 3075 vitium
1335 3031 1363 3075 a.
1381 3015 1443 3075 524
1473 3003 1761 3076 111Ἰουσοινιανοῦ
1783 3004 1867 3098 Atp.
1890 3035 1949 3098 pro
1970 3007 2058 3080 Ἰου-

397 3111 511 3181 στίνου
533 3107 619 3200 Αὗγ.
643 3112 782 3196 tradant,
808 3113 866 3178 sed
890 3115 998 3180 chron.
1021 3115 1130 3200 pasch.
1152 3119 1255 3196 aaa..
1283 3135 1425 3179 errorem
1449 3116 1541 3179 auxit
1562 3136 1697 3180 numero
1720 3110 1758 3181 τὸ
1781 3121 1803 3200 β
1825 3115 1954 3182 addito:
1979 3119 2058 3185 hinc

397 3220 499 3305 igitur
521 3219 641 3284 diversi
661 3219 709 3283 illi
730 3219 856 3283 numeri
879 3219 912 3282 in
935 3219 1044 3283 chron.
1067 3218 1177 3305 pasch.
1200 3219 1277 3306 nati.

499 3341 640 3406 Nomina
671 3342 837 3405 consulum
865 3360 967 3426 usque
998 3339 1041 3404 ad
1070 3339 1308 3404 Diocletianum
1339 3341 1538 3405 nominativo
1562 3361 1638 3405 casu
1660 3341 1756 3406 scribi
1780 3341 1902 3418 solent,
1932 3339 2011 3404 inde
2037 3363 2058 3406 a

396 3445 601 3509 Diocletiano
625 3446 795 3530 genetivus
817 3451 942 3530 regnat.
988 3443 1046 3508 sed
1069 3445 1102 3508 in
1124 3449 1261 3530 utraque
1284 3451 1377 3531 parte
1400 3443 1534 3526 accidit,
1562 3445 1685 3509 utalia
1707 3466 1820 3510 manus
1843 3445 1927 3508 forte
1950 3445 2057 3510 inter-

397 3549 517 3614 cedens
540 3548 667 3613 diverso
691 3570 766 3613 casu
788 3554 898 3612 utatur
919 3555 976 3612 aut
997 3548 1030 3612 in
1058 3547 1141 3612 binis
1164 3553 1220 3612 aut
1242 3548 1275 3612 in
1297 3548 1431 3633 singulis
1454 3548 1621 3612 consulum
1643 3548 1835 3612 nominibus.
1879 3547 1925 3612 sic
1949 3569 2055 3633 gene-

396 3653 454 3717 tivi
483 3653 584 3716 semel
615 3673 644 3717 a.
660 3655 722 3717 239
748 3651 784 3739 (1.
802 3654 866 3734 5611)
897 3652 1101 3716 nominativis
1128 3651 1387 3737 interponuntur,
1417 3657 1450 3716 et
1472 3653 1624 3737 genetivo
1647 3653 1861 3717 nominativus
1883 3653 2060 3738 copulatur

397 3778 425 3821 a.
443 3761 515 3821 261.
540 3759 668 3821 264-6
692 3757 727 3838 (1.
746 3757 825 3838 561).
870 3757 903 3821 in
926 3758 1029 3821 altera
1051 3761 1144 3841 parte
1169 3756 1298 3842 saepius
1321 3777 1379 3842 pro
1404 3757 1561 3842 genetivis
1577 3757 1765 3821 nominativi
1780 3757 1930 3842 leguntur
1945 3777 1974 3820 a.
1990 3759 2057 3822 286

398 3859 434 3947 (1.
453 3860 531 3943 571).
556 3863 618 3924 298
643 3860 676 3942 (1.
695 3861 774 3941 571).
803 3862 875 3924 367.
900 3863 973 3926 310.
997 3864 1057 3925 311
1083 3862 1142 3945 (Μ
1156 3864 1256 3944 202¹).
1287 3864 1436 3925 356-1.
1467 3864 1603 3926 358-9
1628 3862 1663 3942 (1.
1680 3865 1757 3944 587).
1786 3865 1858 3926 361.
1882 3863 1955 3926 366.
1980 3864 2057 3926 367.

397 3967 535 4029 ara-3.
560 3967 621 4029 377
647 3963 681 4046 (1.
698 3964 779 4048 58').
803 3967 862 4028 381
890 3962 926 4050 (1.
943 3963 1021 4050 59¹),
1051 3963 1238 4050 ibidemque
1267 3965 1301 4028 in
1330 3965 1512 4028 consuhhus
1544 3964 1689 4030 eiusdem
1719 3966 1794 4029 anni
1823 3965 2058 4029 nominativum

396 4069 567 4154 genetivus
595 4067 717 4152 excipit
745 4087 773 4130 a.
791 4069 854 4132 380
878 4066 914 4153 (1.
932 4066 1046 4155 59’)*),
1079 4069 1265 4153 genetivum
1298 4069 1511 4132 nominativus
1541 4089 1569 4132 a.
1587 4072 1658 4133 362.
1683 4072 1745 4133 368
1776 4067 1812 4155 (1.
1830 4066 1899 4153 58’)
1930 4075 1964 4132 et
1991 4072 2056 4134 378

398 4173 432 4259 (1.
450 4174 532 4258 537)
564 4178 638 4259 post
662 4193 690 4234 a.
707 4174 767 4236 381
793 4171 881 4235 nulla
904 4173 972 4236 eius
1000 4173 1129 4257 generis
1159 4172 1290 4237 licentia
1318 4172 1383 4237 iarn
1406 4173 1594 4239 admittitur.
1640 4193 1679 4236 eo
1706 4173 1805 4258 igitur
1826 4178 1973 4257 tempore
1999 4174 2056 4257 qui

397 4282 494 4341 antee
516 4277 728 4340 fluctuaverat
750 4296 826 4339 usus
849 4277 1005 4340 sermonis
1028 4276 1187 4340 stabilitus
1211 4283 1270 4340 est.

500 4398 614 4462 Potest
642 4397 716 4462 hinc
737 4397 884 4483 intellegi
906 4397 1050 4462 diversas
1074 4418 1145 4462 esse
1169 4398 1325 4462 fastorum
1349 4395 1552 4483 aStepheno
1575 4396 1804 4461 adornatomm
1819 4403 1927 4483 partes
1944 4396 2055 4462 diver-

397 4522 496 4588 saque
530 4501 663 4587 origine.
718 4500 777 4566 sed
808 4500 934 4566 accedit
968 4503 1105 4566 alterum
1144 4501 1242 4588 idque
1271 4503 1416 4586 gravius,
1449 4521 1511 4586 quo
1542 4507 1678 4587 utraque
1706 4521 1782 4587 pars
1811 4499 1905 4565 valde
1935 4498 2056 4582 differt,

397 4627 553 4671 annorum
584 4607 791 4692 computatio.
836 4604 924 4671 Ante
947 4606 1186 4671 Diocletianum
1216 4605 1399 4670 consulibus
1428 4626 1529 4669 annus
1557 4605 1761 4691 imperatoris
1790 4612 1865 4668 tunc
1888 4605 2056 4689 regnantis

396 4710 598 4792 adscribitur,
622 4710 825 4796 imperatoris
847 4731 967 4775 nomen
989 4711 1092 4795 primo
1117 4710 1298 4774 consulatui
1321 4709 1508 4785 adnotatur;
1541 4716 1713 4795 praeterea
1735 4709 1810 4772 anni
1831 4709 2055 4792 Augustorum

397 4814 573 4880 secundum
596 4835 688 4878 usum
704 4815 943 4899 Aegyptiorum
967 4814 1008 4878 ab
1026 4815 1166 4899 Augusti
1188 4835 1271 4878 anno
1288 4814 1392 4898 primo
1410 4813 1466 4899 (30
1483 4834 1511 4876 a.
1529 4811 1618 4894 Ohr.)
1642 4812 1772 4876 deducti
1781 4811 1806 4892 ὅ)
1831 4811 1956 4875 decimo
1973 4833 2055 4897 quc-

397 4940 459 5004 que
495 4939 578 4982 anno
611 4925 846 5005 comparantur.
903 4920 934 4983 in
967 4941 1031 5006 qua
1059 4940 1093 4982 re
1122 4920 1176 5004 qui
1205 4939 1361 4982 annorum
1389 4939 1539 4982 numeros
1571 4917 1721 5002 adposuit
1751 4937 1824 4980 eam
1855 4916 1914 4980 sibi
1944 4917 2055 5001 legem

396 5023 537 5108 scripsit,
569 5028 605 5086 ut
633 5021 816 5086 consulibus
838 5023 865 5086 is
888 5043 991 5086 annus
1014 5023 1186 5108 aegyptius
1209 5021 1449 5086 adscriberetur
1471 5022 1526 5107 qui
1548 5021 1633 5085 inter
1656 5021 1855 5085 consulatum
1879 5021 2054 5106 coepisset,

505 5249 524 5310 1)
544 5249 575 5298 de
593 5255 715 5315 ternpore,
734 5265 786 5313 quo
804 5249 908 5302 diversa
925 5251 952 5301 in
971 5251 1103 5302 occidente
1121 5259 1147 5302 ct
1164 5250 1262 5301 oriente
1280 5248 1417 5300 consulum
1435 5249 1592 5300 renuntiatio
1605 5264 1661 5300 esse
1678 5249 1769 5314 coepit,
1787 5248 1962 5298 Mommscnus
1974 5248 2056 5300 disse-

396 5336 448 5386 ruit
466 5335 492 5385 in
512 5336 608 5386 Studiis
626 5335 814 5402 Ostrogothicis
834 5335 918 5388 Neues
931 5335 1028 5387 Archiv
1039 5338 1092 5403 sr'r'r
1109 5338 1189 5388 dltcre
1207 5335 1325 5387 minate
1338 5335 1569 5386 Gesclrichtshmda
1587 5343 1605 5386 t.
1618 5335 1681 5385 XIV
1699 5353 1724 5401 p.
1738 5333 1788 5385 227
1800 5350 1854 5399 sqq.
1932 5331 1954 5398 ²)
1972 5335 2055 5384 nomi-

396 5439 458 5473 nnm
480 5421 652 5487 corruptelam
676 5423 702 5472 in
721 5423 770 5472 hac
793 5438 821 5472 re
842 5439 895 5472 non
912 5441 983 5488 curo,
1005 5423 1078 5474 velut
1100 5425 1168 5488 quod
1187 5421 1276 5474 uest
1294 5425 1311 5474 1.
1327 5422 1428 5473 Heracl.
1446 5416 1591 5488 astasius,
1616 5422 1643 5472 hi
1661 5418 1778 5486 Ἀλβίνου
1800 5421 1922 5472 exhibent
1944 5427 1990 5472 aut
2008 5438 2056 5488 pro

396 5509 576 5560 Valentiniano
597 5527 619 5560 a.
633 5506 684 5559 387
707 5509 837 5576 Hydatius
859 5507 973 5573 Valerio,
996 5526 1020 5561 a.
1036 5507 1088 5560 446
1112 5511 1200 5562 chron.
1222 5510 1309 5576 pasch.
1334 5507 1405 5573 586,2
1428 5506 1559 5559 Λεοντίου
1584 5507 1615 5558 vd
1638 5506 1657 5574 {a
1681 5526 1727 5576 pro
1741 5506 1816 5558 Actio
1834 5506 1891 5556 ΙΙΙ.
1980 5505 2002 5572 ⁸)
2021 5509 2055 5575 ο1Ι

396 5597 443 5646 Th.
462 5597 638 5647 Mommscnus
655 5596 688 5647 nd
705 5595 801 5646 chron.
817 5595 879 5646 min.
898 5603 915 5647 t.
930 5599 942 5646 1
960 5593 1046 5662 pauo
1063 5603 1089 5647 et
1107 5597 1132 5646 in
1151 5596 1248 5648 Studiis
1265 5596 1453 5663 Ostrogothicis
1472 5597 1488 5646 1.
1501 5613 1522 5647 s.
1538 5597 1599 5646 XIV
1616 5613 1641 5662 p.
1654 5593 1712 5647 229.
1796 5593 1818 5658 ⁴)
1837 5595 1870 5645 ci.
1889 5594 1957 5660 quod
1975 5610 2056 5662 supro

395 5681 422 5732 in
446 5682 519 5733 tostis
535 5683 648 5735 Theonis
671 5683 867 5734 observavimus
888 5698 914 5749 p.
926 5680 985 5734 368.
1075 5683 1096 5750 ⁸)
1119 5685 1152 5735 cl.
1170 5685 1199 5735 L.
1214 5681 1423 5735 Idalerffmadb.
1441 5683 1467 5734 d.
1488 5682 1655 5749 Otrorroloqic
1674 5681 1698 5744 1,
1713 5678 1764 5733 154
1772 5696 1827 5746 sqq.
