4634 6286
815 328 891 384 CVM
911 327 1190 384 ADDITAMENTIS
1209 329 1349 384 neuun.
1854 338 1911 400 135

462 502 557 567 4.(15
587 501 760 586 genelcgia
789 499 967 590 Britonum.
1020 501 1061 566 de
1094 502 1217 588 origine
1249 502 1427 568 Britonnm.
1480 504 1520 568 de
1543 504 1697 571 Romanis
1721 557 1728 570 .
1753 559 1758 569 .
1782 557 1789 571 .
1812 557 1819 571 .
1843 529 1911 572 sur-

512 611 680 671 rexemnt:
704 605 804 669 detur
824 628 855 692 p.
877 607 934 670 149
959 605 1034 670 adn.
1054 610 1086 680 1;
1109 605 1273 686 respondet
1295 605 1382 671 15555
1403 629 1434 693 5.
1458 613 1562 690 149,5
1587 657 1644 674 ...
1672 613 1810 688 159,11.

461 716 490 774 5.
515 711 770 777 (lesabellaunus
793 761 876 777 ....
899 734 957 798 pro
973 711 1203 777 Valentiniano
1226 712 1373 778 Gratiani
1400 715 1500 780 tratre
1524 717 1622 780 detur
1649 738 1681 802 p.
1703 720 1760 782 163
1784 718 1859 786 adn.
1876 724 1912 795 4;

512 816 677 898 respondet
699 815 786 880 15555
807 838 839 902 p.
860 819 929 899 163,
952 821 1177 900 10-166,10.

461 924 490 984 6.
512 920 664 985 Β5115555
686 942 706 984 5
728 921 829 984 Β55515
854 920 899 1006 (p.
922 925 991 1004 161,
1013 923 1065 1006 11)
1091 970 1172 986 ....
1196 923 1280 986 filins
1303 921 1441 988 51515151
1465 924 1611 989 altissimi
1633 924 1680 1011 (p.
1702 930 1770 1006 161,
1788 927 1852 1009 14).

462 1027 491 1088 7.
515 1028 549 1088 51
575 1025 608 1088 15
635 1030 783 1110 tempore
812 1023 1034 1111 Guorthigimi
1165 1025 1207 1090 ad
1239 1047 1356 1091 annum
1386 1048 1483 1112 supra
1515 1025 1636 1093 dietum
1664 1028 1776 1114 (datur
1799 1049 1831 1114 p.
1852 1032 1911 1093 171

511 1127 587 1192 adn.
608 1133 634 1209 1,
657 1128 821 1208 respondet
843 1127 930 1192 15555
952 1150 984 1214 p.
1004 1133 1073 1212 171,
1095 1131 1200 1213 1-3).

464 1235 494 1297 8.
519 1230 655 1304 Quando
679 1230 839 1316 regnabat
860 1231 961 1296 Bmto
986 1235 1031 1318 (p.
1052 1235 1122 1314 153,
1142 1232 1177 1318 9)
1201 1283 1283 1297 ....
1307 1234 1393 1320 apud
1417 1236 1550 1300 Latinos
1574 1237 1618 1322 (p.
1640 1240 1709 1317 153,
1731 1237 1793 1322 13).

357 1335 882 1422 9.1555111111155(5.159,15)
1014 1337 1071 1401 551
1094 1336 1147 1401 dei
1170 1337 1215 1422 (p.
1237 1341 1306 1416 161,
1326 1337 1371 1423 8).

340 1442 385 1502 10.
409 1437 547 1502 Romani
577 1446 686 1503 autem
710 1439 756 1525 (p.
777 1443 848 1520 161,
865 1439 898 1522 3)
924 1489 1005 1504 ....
1027 1428 1183 1505 100111
1207 1440 1252 1526 (p.
1274 1444 1343 1524 163,
1362 1440 1408 1524 9).

339 1546 384 1605 11.
409 1540 526 1606 Tribus
548 1543 670 1607 vicibus
694 1541 740 1629 (p.
760 1546 830 1624 169,
847 1542 882 1628 6)
907 1591 991 1607 ....
1016 1565 1034 1607 5
1056 1543 1233 1608 Β511155515
1255 1567 1286 1630 p.
1309 1549 1377 1628 169,
1395 1547 1439 1630 7).

337 1648 384 1709 11.
409 1646 545 1710 Factum
569 1646 686 1732 55115.
709 1647 854 1733 171117)
879 1695 963 1712 ....
987 1669 1006 1710 5
1029 1668 1081 1711 me
1105 1646 1192 1734 quod
1215 1649 1360 1734 postulas
1383 1649 1429 1735 (p.
1452 1653 1521 1728 178,
1539 1650 1584 1733 6).

254 1749 351 1823 Quod
373 1751 400 1814 51
422 1751 510 1815 15555
533 1756 617 1817 1-8
640 1753 674 1816 15
696 1752 883 1816 5555551555
906 1753 1031 1836 vulgari
1054 1757 1111 1816 aut
1138 1758 1279 1817 mutatos
1311 1759 1397 1817 totos
1430 1760 1486 1817 ant
1523 1755 1735 1840 transpositos
1769 1755 1912 1837 uicimus,

253 1854 391 1939 primum
414 1855 588 1940 iunguntur
612 1862 718 1936 reete,
750 1876 833 1942 quae
865 1854 1027 1940 iungenda
1058 1877 1129 1920 5555
1150 1856 1300 1920 viderunt
1322 1856 1360 1921 G.
1377 1855 1512 1942 Haeger
1542 1857 1710 1937 (51155115
1744 1857 1911 1922 Troianae-

252 1978 325 2039 sope
353 1957 409 2021 der
430 1958 562 2023 Brittan
584 1959 734 2024 Monachi
763 1957 856 2043 1886)
881 1965 914 2022 51
937 1959 1079 2023 Zimmer
1101 1959 1146 2045 (p.
1166 1961 1231 2043 55),
1255 1961 1355 2025 55555
1383 1964 1536 2046 5.151,1
1564 1961 1595 2023 15
1626 1960 1799 2026 055551155
1830 1962 1911 2026 11555

254 2061 382 2143 omissa,
406 2062 438 2125 in
461 2063 649 2126 recensione
672 2064 775 2127 altera
797 2064 842 2127 sic
865 2063 1021 2126 formata:
1045 2063 1076 2126 51
1096 2063 1170 2145 quis
1191 2063 1272 2127 seire
1288 2063 1430 2140 coluerit,
1445 2085 1506 2146 qno
1523 2070 1658 2148 ternpore
1670 2070 1742 2144 post
1755 2064 1911 2129 5111555555

252 2163 399 2228 15111515
421 2165 564 2229 5511555
587 2165 704 2244 insula,
727 2166 784 2231 155
805 2167 1051 2248 experimentum
1067 2165 1183 2247 bifarie
1205 2167 1314 2231 inveni
1336 2167 1443 2232 verbis
1464 2189 1496 2253 p.
1518 2170 1586 2250 159,
1609 2172 1644 2231 15
1666 2173 1729 2232 tres
1749 2167 1813 2248 fite
1834 2168 1910 2246 Noe,

255 2268 370 2353 quibus
398 2289 481 2354 quae
509 2270 654 2334 recensio
685 2271 826 2356 vulgaris
854 2276 988 2356 propter
1015 2271 1087 2335 1555
1114 2271 1307 2357 interposita
1328 2272 1520 2356 praemittit:
1548 2271 1642 2335 aliud
1667 2273 1912 2352 cooperimentum

253 2371 361 2436 invent
375 2371 413 2435 de
429 2373 488 2437 isto
503 2372 610 2439 Bruto
626 2395 665 2438 55
678 2375 832 2438 ueteribus
848 2373 938 2438 111515
952 2379 1090 2439 veterum
1104 2379 1295 2452 nostrornm,
1312 2380 1400 2439 55515
1417 2375 1535 2439 555551
1550 2396 1570 2439 5
1585 2376 1773 2440 recensione
1787 2375 1910 2440 055555-

255 2476 330 2540 1155.
376 2476 498 2541 55111551
526 2478 589 2541 1551
621 2478 666 2542 1111
690 2483 774 2543 4-8
806 2478 943 2543 cunrad
970 2480 1150 2563 marginem
1180 2479 1357 2560 eommunis
1393 2479 1561 2564 archetypi
1591 2480 1760 2564 perscripti
1791 2487 1909 2558 essent,

253 2580 285 2643 15
308 2581 495 2645 5555551555
521 2580 695 2646 05555555
718 2584 879 2648 55515555
902 2604 1014 2648 omnes
1035 2583 1147 2646 inserti
1175 2588 1248 2646 5551
1270 2584 1354 2647 15155
1376 2586 1395 2647 3
1420 2588 1453 2646 51
1476 2586 1506 2656 9,
1531 2589 1642 2646 555155
1665 2604 1684 2646 5
1708 2583 1912 2648 diasceuasta

254 2683 318 2747 suis
341 2684 418 2748 locis
435 2684 580 2771 dispositi
596 2691 630 2750 51
644 2687 760 2751 mutati
777 2688 937 2773 auctique.
981 2687 1027 2751 ita
1043 2693 1240 2751 evanescunt
1261 2687 1341 2768 1555,
1364 2693 1401 2751 551
1422 2707 1519 2771 supra
1540 2707 1572 2771 p.
1596 2689 1654 2750 116
1679 2686 1755 2770 dixi,
1771 2689 1909 2772 vestigia

253 2786 384 2872 originis
411 2786 592 2853 Brittcnum
620 2788 788 2855 Romanae
820 2797 854 2855 51
880 2797 981 2855 555151
1002 2811 1068 2855 555
1089 2791 1263 2876 applicatio
1287 2810 1397 2854 eorum
1422 2789 1464 2854 ad
1485 2788 1677 2855 laterculum
1706 2790 1906 2856 Francicum.

252 2890 456 2955 nihilominus
485 2912 558 2957 curn
585 2894 725 2978 receptis
756 2892 984 2958 additamentis
1012 2893 1074 2958 illis
1101 2894 1249 2958 librarius
1281 2894 1345 2958 5115
1373 2893 1415 2958 551
1449 2893 1586 2958 formam
1617 2895 1811 2979 primitivam
1841 2895 1909 2959 sine

253 2994 350 3059 dubio
373 2997 569 3080 pertinentia
592 2998 737 3062 omiserit
760 3003 793 3062 et
816 2998 944 3062 omnino
961 2998 1029 3062 sine
1046 2996 1157 3062 ordine
1173 2999 1257 3062 iusto
1274 3019 1332 3062 sna
1350 2997 1564 3083 proposuerit,
1587 2997 1619 3060 in
1635 2998 1768 3061 historia
1784 2997 1912 3062 edenda

252 3119 316 3160 nen
345 3097 461 3163 librum
486 3097 696 3165 0555555555
726 3102 887 3187 expressi,
916 3100 975 3165 sed
1004 3121 1087 3186 quae
1118 3102 1151 3165 in
1181 3122 1221 3166 5ο
1252 3102 1457 3166 inveniuntur
1483 3099 1525 3165 ed
1554 3108 1680 3165 15551555]
1715 3103 1911 3188 reliquorum

254 3201 368 3266 melius
392 3202 581 3289 dispositum
605 3205 856 3270 accommodavi.

357 3305 408 3370 Ad
438 3309 611 3372 lectionem
646 3309 784 3395 primum
819 3311 925 3374 locum
954 3315 1067 3372 tenent
1094 3307 1166 3372 libri
1196 3309 1337 3373 auctoris
1366 3309 1496 3373 nomine
1531 3315 1678 3373 carentes
1715 3307 1911 3372 Harlcianus

251 3429 282 3471 n.
300 3412 394 3490 3859,
418 3412 510 3476 55515
526 3411 570 3495 Η,
593 3411 851 3477 Britannicarum
874 3412 1122 3498 antiquissimus,
1147 3413 1270 3476 scilicet
1293 3413 1429 3498 scriptus
1453 3433 1537 3476 saec.
1554 3411 1617 3493 XI,
1646 3417 1680 3476 et
1702 3411 1911 3476 Oottcnianns

250 3511 352 3599 Vesp.
367 3512 408 3579 D.
439 3513 523 3579 XXI
551 3537 635 3581 saec.
651 3515 735 3595 XII,
763 3516 857 3581 55515
873 3515 921 3598 Κ,
948 3515 1125 3580 Η55151555
1155 3516 1332 3580 simillimus
1361 3521 1396 3580 et
1424 3516 1615 3602 plerumque
1640 3535 1679 3578 eo
1704 3513 1851 3597 inferior,
1875 3522 1911 3579 ut

252 3616 413 3703 colligitur
434 3620 487 3684 vel
511 3640 553 3685 ex
576 3620 730 3684 laterculo
753 3620 850 3685 modo
873 3621 987 3701 relato,
1011 3640 1117 3707 neque
1141 3625 1251 3684 tamen
1267 3641 1309 3684 ex
1326 3640 1365 3684 ec
1383 3619 1574 3704 descriptus,
1590 3640 1665 3682 nam
1682 3625 1715 3682 51
1731 3619 1796 3682 5115
1811 3619 1911 3684 55551

250 3721 469 3806 praeferenda
491 3725 721 3811 (515.147,3
744 3725 784 3788 ab
810 3723 913 3805 africo
941 3743 1001 3809 pro
1028 3723 1073 3788 ud
1093 3721 1258 3808 affn'eem)
1283 3730 1316 3788 et
1337 3724 1461 3789 hiatum
1486 3723 1554 3787 eius
1578 3722 1690 3808 explet
1719 3743 1750 3808 p.
1770 3725 1841 3803 161,
1862 3726 1910 3787 18.

252 3822 285 3887 51
309 3845 380 3888 cum
404 3827 520 3891 ceteris
544 3828 639 3912 longe
662 3833 930 3912 555551551,555
954 3826 1025 3892 dico
1053 3827 1140 3890 nnllc
1165 3828 1236 3891 loco
1261 3848 1318 3892 eos
1344 3848 1387 3892 ex
1409 3827 1540 3912 reliquis
1564 3824 1738 3890 emendari.
1785 3823 1909 3889 Carnu-

254 3928 337 3992 55555
361 3933 552 4014 praesertim
576 3933 685 3996 classis
709 3930 871 3996 secundae
894 3931 1157 3996 mendosissimus
1180 3952 1273 4012 5555,
1297 3931 1355 3996 sed
1378 3931 1618 4016 antiquissimus
1641 3929 1798 4008 omniurn,
1823 3930 1910 3994 solus

251 4052 362 4096 verum
386 4035 526 4098 55555511
549 4041 582 4099 51
609 4039 735 4118 161111
767 4035 905 4119 1551551
926 4037 1040 4121 legens
1063 4057 1121 4122 pro
1147 4035 1282 4117 Torinpt
1311 4041 1345 4100 51
1373 4041 1441 4111 161,
1465 4039 1501 4100 19
1526 4041 1559 4098 51
1583 4037 1633 4114 11,
1657 4033 1713 4096 551
1734 4034 1768 4097 15
1790 4032 1909 4098 Hiero-

251 4135 408 4220 nymianis
437 4159 531 4202 veras
561 4141 613 4203 vel
642 4139 710 4203 lere
737 4160 831 4203 55555
859 4140 1016 4204 15555555
1044 4138 1164 4202 Madet
1194 4137 1694 4222 51Η515ν5155551555555155
1718 4137 1750 4201 in
1777 4138 1908 4223 reliquis

252 4239 399 4304 omnibus
432 4242 463 4305 in
495 4242 637 4308 Medion
667 4243 733 4326 (vel
760 4243 955 4328 1155155555)
987 4248 1020 4307 51
1049 4241 1203 4324 Hebraei,
1239 4248 1274 4307 et
1306 4264 1337 4328 p.
1365 4246 1468 4322 171,1
1503 4241 1640 4305 secundo
1675 4262 1747 4305 cum
1775 4241 1909 4322 Equitio

252 4343 448 4410 substituens
476 4367 535 4431 pro
565 4347 701 4411 55555515
731 4346 905 4428 11555555.
950 4347 1051 4411 55555
1074 4367 1202 4432 quoque
1224 4367 1256 4432 p.
1278 4350 1385 4427 176,6
1408 4346 1475 4426 ipsc
1497 4349 1542 4408 est
1576 4343 1676 4409 051511
1703 4341 1855 4408 11555155
1876 4345 1909 4408 15

251 4444 442 4513 Britannicis
473 4449 562 4514 libris
592 4451 740 4516 omnibus
767 4451 914 4532 invente,
945 4451 1063 4516 omissa
1091 4452 1124 4515 in
1140 4450 1207 4514 ZN
1233 4457 1266 4516 51
1288 4451 1320 4514 15
1342 4449 1388 4514 M
1409 4449 1509 4513 inlata
1531 4449 1600 4512 sine
1629 4446 1727 4512 dnbio
1758 4469 1800 4512 ex
1832 4469 1908 4512 con·

252 4552 471 4630 taminatione,
489 4554 660 4618 verisimile
678 4561 728 4619 est
744 4555 863 4620 collata
879 4555 1081 4642 expositione
1098 4553 1249 4619 Zimmeri
1272 4575 1303 4640 p.
1321 4557 1357 4617 71
1386 4558 1502 4638 555155
1524 4549 1656 4615 demum
1679 4549 1806 4616 adiecta
1826 4572 1908 4616 esse.

252 4654 350 4717 etiam
376 4654 409 4718 in
438 4658 633 4742 genealogia
660 4662 811 4740 161,1.1
836 4658 955 4744 gradus
984 4657 1391 4723 5155Ε1155151Ε51151
1421 4676 1493 4720 cum
1523 4655 1667 4720 habeant
1697 4654 1771 4719 libri
1794 4656 1909 4740 reliqui

252 4778 363 4822 omnes
385 4758 464 4839 iere,
489 4762 587 4825 etiam
612 4761 752 4842 Gildoni,
774 4764 807 4827 in
824 4763 898 4826 HK
915 4763 1077 4846 deliciunt,
1100 4783 1206 4847 neque
1231 4782 1294 4826 uno
1317 4763 1389 4826 loco
1413 4760 1543 4825 nomina
1560 4760 1691 4845 propria
1706 4761 1908 4845 potissimum

250 4862 282 4926 in
311 4860 442 4947 reliquis
469 4861 633 4929 ordinibus
655 4865 771 4930 melius
794 4866 913 4930 tradita
934 4867 1088 4932 invenies.
1139 4866 1278 4952 deniqne
1310 4888 1341 4952 p.
1369 4867 1475 4945 193,7
1510 4869 1660 4950 quartum
1684 4861 1780 4927 Glcvi
1808 4863 1908 4928 filium

251 4965 471 5048 Guotolinum,
487 4987 584 5054 quem
600 4967 723 5033 habent
734 4967 809 5032 HK
825 4990 932 5055 neque
948 4975 1059 5034 tamen
1074 4969 1189 5056 reliqui
1205 4990 1246 5034 ne
1263 4966 1475 5033 Gildenomm
1492 4965 1623 5052 quidem
1640 4967 1734 5048 ullus,
1751 4987 1793 5030 ex
1808 4967 1907 5031 inter-

251 5070 415 5154 polatione
439 5069 638 5136 descendere
655 5073 795 5136 Zimmer
813 5094 844 5158 p.
862 5078 900 5137 71
919 5073 1160 5138 demonstravit.
1206 5073 1279 5137 hinc
1295 5072 1486 5157 colligemus
1501 5071 1698 5156 reliquarum
1715 5069 1907 5135 familiarum

250 5172 412 5259 principes
441 5176 588 5260 proxime
618 5175 750 5261 quidem
780 5178 954 5242 5555551555
980 5176 1023 5241 ed
1051 5177 1175 5262 primae
1207 5176 1318 5240 classis
1347 5175 1574 5261 archetypum,
1598 5173 1658 5237 sed
1681 5194 1723 5238 ex
1752 5174 1815 5240 hoc
1838 5175 1906 5260 ipsc

250 5297 456 5364 nequaquam
483 5277 692 5346 descendere.
743 5286 776 5344 at
797 5281 830 5344 in
853 5301 977 5345 summa
1003 5281 1118 5366 requi
1144 5280 1260 5344 librum
1291 5277 1439 5360 adhibet,
1471 5278 1592 5364 poterit
1614 5278 1725 5363 paucis
1746 5278 1825 5342 locis
1848 5299 1907 5342 cx-

252 5380 353 5465 eeptis
377 5387 486 5467 spreta
508 5383 598 5448 veria
619 5385 758 5449 lectione
780 5385 930 5448 universa
952 5384 1128 5448 subsistere
1151 5383 1184 5446 in
1205 5388 1300 5446 textu
1322 5382 1433 5446 classis
1455 5382 1590 5467 primae.

357 5486 509 5552 Secunda
531 5487 655 5554 familia
677 5489 748 5573 ipsa
768 5488 922 5574 bipertita
945 5495 1010 5568 est,
1033 5492 1279 5574 repraesentate
1302 5487 1425 5550 scilicet
1454 5507 1526 5550 cum
1550 5483 1662 5549 codice
1687 5483 1829 5548 omnium
1853 5485 1908 5568 qui

253 5597 425 5686 supersunt
453 5591 605 5668 historiae
634 5592 816 5664 Brittonum
851 5594 1071 5690 antiquissime
1103 5592 1277 5662 Carnutino
1292 5590 1326 5655 Z
1348 5611 1431 5662 saec.
1449 5589 1540 5670 IXlX
1567 5596 1634 5658 tum
1664 5588 1790 5653 duobus
1819 5588 1907 5654 libris
