4634 6286
855 299 931 354 CVM
950 297 1227 357 ADDITAMENI'IS
1246 301 1388 357 NBNNII.
1889 309 1946 371 123

391 480 420 542 3.
445 473 566 560 quetl
590 473 746 560 (excepta
764 480 857 559 parte
881 475 1022 560 paginae
1045 475 1185 560 primae)
1210 482 1243 540 et
1266 483 1439 562 sequentes
1462 477 1504 541 ad
1528 484 1615 562 quat.
1634 478 1684 542 IX
1706 479 1762 545 661.
1780 483 1810 559 6,
1833 499 1946 543 nume-

442 581 504 644 rati
521 597 643 659 omnes,
659 578 826 642 continent
846 575 959 642 Bedae
983 578 1151 642 historiam
1175 580 1436 644 ecclesiasticam.

392 689 422 749 4.
446 689 532 768 quat.
553 681 605 746 IX
627 682 684 746 67
709 719 751 730 -
774 687 860 768 quat.
877 681 909 744 X
941 683 1009 768 (qui
1047 689 1098 747 est
1131 682 1280 748 foliorum
1310 683 1534 748 tantummodo
1567 690 1720 770 quattuor
1748 691 1781 749 et
1812 705 1946 749 numero

444 785 547 870 caret)
571 785 593 851 6.
615 791 640 849 1.
664 788 683 848 2
706 786 773 850 vita
795 784 919 851 Bedaa.

393 897 422 956 5.
446 896 532 976 quat.
548 889 582 954 X
604 890 625 953 6.
642 888 771 953 a-xt
795 889 863 975 (qui
891 896 927 954 66
957 897 1131 975 sequentes
1154 911 1282 976 quoque
1312 913 1480 956 numerum
1508 892 1609 956 habet
1639 913 1737 956 manu
1768 893 1946 979 posteriore

443 992 653 1078 adscriptum)
677 992 733 1056 f.5
765 990 833 1055 Vite
855 993 1004 1058 66661666
1027 993 1309 1076 ...Wyrcmntleo
1337 1001 1367 1058 ct
1393 997 1540 1076 Gpruntn
1562 995 1739 1080 Bedanae,
1761 998 1900 1081 scriptae
1929 1018 1949 1060 6

444 1120 543 1164 manu
565 1099 640 1178 alia,
664 1097 724 1162 sed
746 1099 885 1184 aequali.

394 1211 424 1271 6.
448 1209 535 1290 quat.
552 1202 603 1267 XI
625 1202 647 1267 6.
665 1207 683 1266 5
707 1203 741 1266 16
764 1203 884 1288 pagina
906 1208 996 1268 recta
1019 1209 1115 1267 antea
1137 1225 1240 1268 saeua
1263 1206 1376 1270 relicta
1399 1206 1518 1292 scripta
1542 1212 1592 1270 est
1614 1227 1711 1270 manu
1728 1227 1792 1270 non
1810 1204 1948 1269 multum

444 1307 624 1394 posteriore
640 1305 799 1390 praefatio
815 1301 986 1370 Nannieno
998 1307 1167 1392 inscripta:
1192 1308 1306 1388 incipit
1330 1307 1485 1390 66166166
1508 1309 1723 1374 breuissimum
1739 1309 1949 1373 Brittanniae

444 1411 586 1490 insalacj
611 1412 696 1492 quod
722 1411 871 1475 Neanins
899 1410 1062 1493 Eloodupi
1089 1413 1266 1493 dissipantes
1287 1415 1495 1496 conprcpooit,
1525 1416 1681 1500 incipiens
1710 1436 1762 1497 epo
1791 1414 1948 1490 Nanneius,

444 1517 557 1580 finiens
578 1537 675 1596 quom
697 1536 759 1596 epo,
781 1523 815 1579 et
838 1515 1033 1601 subscripta:
1057 1516 1185 1596 caplicit
1207 1516 1372 1600 calapium.
1417 1519 1449 1581 in
1473 1518 1618 1582 eiusdem
1644 1519 1711 1583 folii
1727 1539 1821 1582 66666
1836 1518 1949 1602 incipit

444 1621 578 1684 historia
600 1617 781 1682 Brittonum
805 1619 932 1683 titulata
956 1620 1018 1682 sic:
1047 1619 1163 1699 incipit
1181 1627 1269 1701 peste
1291 1620 1466 1685 Britonnm
1487 1642 1508 1683 o
1535 1619 1633 1684 Gilda
1656 1621 1806 1702 Sopicnte
1827 1640 1947 1699 compo-

444 1725 523 1801 sito,
559 1723 617 1788 sed
651 1723 763 1787 addita
800 1724 1001 1808 praefatione
1041 1722 1212 1788 Nenniana
1249 1731 1383 1810 propter
1420 1745 1493 1788 eam
1532 1723 1574 1788 66
1618 1726 1784 1809 antiquum
1822 1724 1948 1788 titulum

448 1828 593 1893 adiectus
618 1833 667 1892 est
684 1827 779 1891 alter:
804 1828 918 1907 incipit
940 1849 990 1890 res
1004 1832 1092 1908 peste
1106 1850 1127 1892 α
1142 1827 1269 1892 Ncnnio
1285 1827 1434 1908 Sopianae
1449 1828 1630 1909 composito.
1675 1829 1808 1893 historia
1831 1829 1950 1913 scripta

447 1939 497 1996 est
511 1933 544 1996 in
561 1938 647 2017 qnat.
668 1931 717 1994 XI
740 1931 761 1994 6.
779 1925 818 1994 5'.
836 1933 855 1995 6
874 1929 957 2016 (11616
973 1931 1081 1996 verbis
1097 1953 1128 2017 p.
1150 1935 1219 2013 162,
1238 1937 1250 1995 1
1275 1953 1416 2014 apresens
1437 1951 1526 2009 sum;
1548 1933 1569 1996 6.
1588 1936 1605 1996 7
1630 1933 1775 1996 excisum
1791 1937 1841 1996 est
1856 1938 1962 1995 tantu¹

444 2033 598 2122 integro).
644 2038 663 2099 8
688 2034 813 2119 (incipit
836 2055 867 2120 p.
890 2037 995 2116 1623
1020 2033 1160 2099 Romani
1175 2040 1290 2113 antem,
1306 2036 1375 2100 finit
1398 2039 1577 2120 6171115
1600 2033 1738 2120 mopso).
1777 2042 1863 2121 quat.
1880 2034 1948 2098 XII

447 2143 468 2206 6.
489 2143 558 2206 62
588 2138 687 2225 (quae
717 2137 780 2202 duo
815 2137 893 2202 folia
925 2143 1042 2224 postea
1076 2139 1204 2204 adiecta
1238 2147 1311 2204 sunt
1340 2146 1433 2204 textu
1463 2146 1573 2204 tamen
1602 2160 1708 2226 nequo
1735 2141 1768 2204 in
1791 2139 1947 2226 principio

445 2265 552 2330 nequo
574 2243 607 2307 in
630 2243 693 2307 fine
716 2239 924 2327 interrupto).
971 2242 1162 2328 subscriptio
1178 2243 1286 2307 brevis
1302 2264 1396 2307 erasa
1413 2249 1471 2308 est.
1497 2282 1536 2291 -
1560 2242 1793 2308 Additamento
1816 2244 1849 2307 in
1863 2263 1948 2306 mar-

447 2349 521 2434 gine
551 2346 671 2431 scripta
700 2351 773 2408 6666
801 2343 1014 2409 Jenkinsonio
1036 2334 1149 2410 iudice
1177 2367 1197 2409 a
1228 2347 1377 2412 manibus
1400 2346 1555 2432 pluribus,
1579 2346 1639 2410 666
1661 2347 1778 2411 eodem
1802 2353 1949 2431 tempore

447 2452 554 2517 omnia
577 2457 610 2515 66
631 2456 668 2514 66
690 2449 823 2515 dubium
851 2470 916 2513 non
945 2451 986 2514 sit
1009 2451 1116 2515 omnia
1138 2453 1301 2536 pertinere
1326 2451 1369 2515 ad
1391 2452 1645 2537 recognitionem
1670 2451 1827 2532 eandem,
1852 2471 1949 2537 quam

447 2558 488 2622 ob
511 2575 580 2620 rem
603 2554 683 2618 nihil
705 2554 833 2618 attinuit
861 2553 903 2616 ad
934 2553 1153 2618 diversitatem
1184 2575 1256 2618 eam
1280 2554 1459 2620 attendere.
1504 2554 1547 2618 66
1575 2555 1672 2619 finem
1694 2555 1776 2618 hacc
1798 2555 1950 2639 leguntur

446 2661 609 2746 adscripta
637 2679 734 2722 mann
761 2659 957 2744 posteriore:
987 2657 1092 2722 ‘Anno
1116 2657 1289 2723 MOLXVI
1319 2660 1423 2744 gratie
1454 2659 1515 2722 fuit
1543 2678 1644 2722 annus
1672 2678 1692 2721 a
1720 2657 1831 2721 mundi
1860 2658 1949 2721 initio

448 2753 634 2830 ‘VOOOXL
658 2770 800 2844 octavus,
823 2763 865 2826 ab
887 2760 1028 2826 adventu
1043 2761 1345 2826 Narmannoran
1368 2763 1519 2846 [tituto],
1541 2762 1583 2827 ab
1600 2761 1742 2826 adventu
1764 2760 1949 2825 Brittanno-

447 2872 527 2932 ‘rnm
557 2869 590 2931 in
618 2865 771 2951 Angliam
803 2865 866 2929 duo
897 2865 1089 2930 6661116000
1119 2873 1152 2930 66
1179 2867 1311 2951 triginta
1338 2888 1428 2930 unus.
1479 2867 1576 2951 igitur
1597 2867 1698 2931 tercio
1723 2865 1893 2929 millesimo
1918 2871 1951 2929 et

449 2971 515 3035 ‘OG
540 2977 573 3034 et
595 2969 683 3039 XIII
706 2989 789 3032 anno
814 2968 854 3032 ab
877 2969 968 3033 initio
992 2968 1101 3033 mundi
1122 2970 1261 3053 primum
1286 2969 1450 3034 Brittones
1474 2968 1515 3032 ad
1539 2969 1767 3054 possidendam
1791 2975 1948 3032 66666666

447 3074 620 3159 ‘Angliam
674 3093 716 3136 ex
746 3092 809 3157 quo
842 3070 1007 3136 Brittones
1043 3073 1182 3158 primum
1213 3072 1311 3137 fidem
1341 3072 1461 3138 01661661
1493 3072 1640 3138 tradente
1677 3093 1763 3158 papa
1798 3071 1948 3136 Euaristo

447 3183 615 3264 ‘regnante
649 3196 726 3260 rege
759 3176 861 3240 Lucio
896 3181 1122 3261 suscepenmt,
1155 3176 1216 3240 hoc
1245 3197 1329 3241 anno
1362 3179 1470 3262 gracie
1496 3176 1668 3241 MOLXVI
1704 3177 1792 3241 millo
1825 3183 1858 3241 at
1886 3176 1950 3241 dno

449 3284 534 3348 ‘anni
563 3280 714 3345 transacti
743 3286 826 3345 sunt.
880 3279 1039 3344 adventus
1066 3279 1240 3364 Augustini
1264 3279 1501 3345 DOLXVIIII:
1532 3281 1709 3345 intererant
1741 3281 1840 3365 igitur
1867 3282 1952 3346 inter

449 3387 633 3452 ‘adventurn
662 3383 835 3468 Augustini
863 3389 896 3446 ot
925 3383 1068 3464 (addidi)
1097 3381 1372 3448 Ohnsnanitctem
1404 3382 1490 3468 regis
1512 3381 1678 3447 Britannia
1701 3383 1793 3447 Lucii
1815 3383 1951 3465 (litura)

448 3485 866 3556 ι000066111111116661.
910 3487 995 3550 inter
1018 3485 1194 3550 adventum
1214 3487 1397 3551 Brittonum
1420 3494 1453 3551 et
1476 3485 1656 3572 Anglornm
1673 3487 1767 3551 Mne
1785 3491 1818 3550 et
1833 3485 1951 3550 XXIX

449 3596 534 3660 ‘anni
564 3594 767 3658 transierunt.
817 3591 903 3656 unde
935 3592 1038 3677 liquet
1067 3589 1232 3655 Brittones
1261 3597 1311 3655 tot
1339 3592 1429 3655 annis
1458 3591 1611 3676 Angliam
1645 3593 1803 3672 tenuisse,
1834 3598 1889 3654 set
1917 3592 1948 3654 in

448 3698 648 3786 ‘paganismo
677 3717 736 3783 per
758 3696 793 3760 M
821 3715 922 3760 annos
946 3693 1057 3760 0000
1088 3701 1122 3759 66
1148 3697 1355 3781 septuaginta
1385 3703 1509 3781 septem
1542 3695 1745 3762 oberrabant.
1791 3694 1894 3760 insula
1915 3695 1950 3759 in

448 3806 520 3868 ‘ista
542 3803 644 3868 tribus
667 3822 823 3866 annorum
845 3801 974 3865 milibus
998 3806 1031 3864 ot
1054 3798 1209 3864 tredecim
1225 3800 1405 3865 inhabitata
1429 3807 1508 3882 erat,
1533 3822 1628 3886 quam
1644 3802 1765 3887 primus
1781 3800 1946 3864 hominum

402 3947 415 3972 s
449 3906 563 3972 ‘Britto
587 3906 712 3972 adierat
735 3911 769 3970 et
791 3925 864 3969 cum
887 3905 978 3990 66616
998 3924 1056 3968 666
1078 3925 1137 3990 666
1151 3904 1186 3968 M
1208 3910 1241 3968 66
1256 3903 1316 3970 De
1340 3911 1373 3968 66
1395 3906 1508 3989 vtginti
1530 3925 1647 3969 novem
1670 3911 1829 3970 tenuerat.
1875 3910 1950 3968 tunc

450 4015 537 4077 ‘vero
560 4010 742 4096 Anglorum
766 4030 846 4094 gens
869 4007 1121 4094 supervenerat)
1134 4007 1158 4092 ¹)

399 4122 428 4183 7.
452 4122 539 4202 quat.
556 4115 623 4178 XII
647 4115 667 4178 6.
684 4109 724 4179 3’.
748 4119 799 4177 46.
824 4113 929 4178 Index
953 4133 1067 4198 regum
1084 4112 1309 4176 Britannorum
1326 4111 1367 4176 ab
1384 4113 1499 4176 Aenea
1516 4112 1559 4176 66
1573 4111 1820 4176 Oadwaladrum
1837 4111 1948 4176 similis

451 4222 491 4302 ei,
515 4221 569 4306 qui
592 4225 641 4282 est
663 4219 696 4281 in
719 4216 830 4281 666166
855 4216 1114 4301 Cantabrigiensi
1136 4216 1187 4279 Fi.
1209 4223 1233 4280 1.
1251 4220 1291 4280 27
1315 4216 1387 4280 loco
1403 4214 1503 4280 XVII
1524 4217 1567 4299 (v.
1585 4216 1768 4300 catalogum
1793 4214 1950 4279 66166662

403 4429 422 4494 ¹)
444 4428 554 4481 66116666
572 4429 640 4492 qnod
658 4445 690 4479 ex
708 4428 749 4479 his
767 4427 881 4479 numeris
899 4427 1020 4477 efficitur:

1282 4545 1351 4580 anno
1369 4528 1459 4579 mundi
1476 4524 1545 4578 3013
1563 4527 1604 4580 661
1623 4523 1693 4576 3213

1177 4621 1237 4666 6616
1254 4631 1352 4664 annum
1371 4619 1530 4680 praesentem
1548 4630 1571 4664 6.
1589 4610 1656 4664 2331

609 4567 737 4617 adventus
756 4566 900 4617 Brittonum
920 4565 945 4615 in
965 4564 1126 4616 Britanniam
1148 4511 1156 4676 1

1178 4725 1235 4784 post
1251 4717 1392 4769 66666166]
1411 4733 1500 4768 eorum
1518 4713 1605 4767 6411

608 4751 736 4806 Brittones
753 4754 893 4804 Chrisn'sui
912 4753 972 4804 66661

1177 4811 1237 4856 astte
1255 4819 1354 4854 annum
1373 4810 1532 4870 praesentem
1551 4817 1573 4852 a
1590 4799 1657 4852 1002

605 4925 731 4978 adventus
750 4926 893 4992 Anglorum
911 4926 937 4975 in
957 4925 1115 4976 Britanniam
1175 4931 1233 4990 6661
1249 4924 1389 4975 adventum
1407 4923 1553 4974 Brittonum
1571 4939 1594 4972 6.
1609 4919 1676 4972 1629

1173 5069 1232 5129 post
1248 5062 1378 5113 Brittones
1396 5062 1478 5112 laetos
1496 5059 1655 5110 Christianos
1673 5077 1695 5110 a.
1708 5055 1758 5110 tet

1174 5157 1234 5200 ante
1253 5165 1350 5198 aunum
1369 5153 1529 5214 praesentem
1547 5163 1571 5197 a.
1584 5145 1636 5198 669

606 5236 732 5287 adventus
749 5235 955 5286 Narmannorum
975 5234 1000 5283 in
1020 5235 1179 5286 Britanniam
1197 5243 1257 5286 ante
1275 5251 1374 5286 annum
1392 5240 1551 5300 praesentem
1568 5247 1593 5285 a.
1608 5229 1704 5296 10016)

605 5390 691 5426 annus
710 5389 833 5440 pmoflflnfl
1144 5321 1150 5406 1
1172 5339 1262 5390 mundi
1280 5335 1349 5389 5348

1143 5409 1150 5484 l
1172 5433 1229 5491 poa
1247 5425 1306 5475 oar.
1321 5422 1389 5474 nec

295 5527 415 5564 numm
436 5512 555 5580 p¹⁰p⁰¹¹ll
576 5529 666 5578 pm'nm
689 5517 837 5562 ⁰⁰¹¹⁸¹³¹¹I⁰⁸
858 5525 942 5575 ¹¹⁰‘IU0
965 5511 1104 5575 quiequam
1126 5511 1186 5562 1666
1210 5511 1340 5577 colligitur
1363 5510 1413 5560 nisi
1438 5509 1506 5576 quod
1531 5509 1697 5560 confirmatur
1715 5507 1829 5558 codicem
1848 5505 1880 5557 de
1899 5521 1950 5571 quo

295 5599 383 5666 agitur
400 5615 459 5650 6666
477 5599 601 5666 scriptum
618 5613 673 5650 esse
691 5597 774 5649 medio
792 5597 897 5649 6666616
915 5597 974 5648 XII.

605 5099 732 5149 adventus
750 5097 889 5164 Augustini

1693 5685 1747 5740 16*
