4554 6314
398 391 417 452 8
1053 381 1187 438 elnone
1205 379 1398 437 SAPIBNTIS

400 560 478 644 (vol.
497 565 510 626 1
535 582 567 648 p.
584 557 662 644 650)
687 559 729 624 66
752 579 780 623 6.
798 579 824 623 6.
842 557 951 642 44111ι
975 555 1186 622 Brittanniae
1208 577 1307 638 usqne
1329 556 1374 621 ad
1394 553 1451 622 boc
1466 561 1588 637 temptes
1608 557 1709 620 variis
1724 554 1867 620 emanas
1881 552 2053 618 666611166-

399 687 461 746 666
483 663 640 730 laceratae
668 662 705 726 in
733 662 886 726 dicionem
909 659 1073 726 86666666
1095 660 1284 742 rediguntur
1313 681 1409 747 quam
1439 681 1511 724 oum
1537 659 1730 745 migratione
1760 658 1987 723 Britannorum
2020 657 2053 720 16

400 765 540 832 Galliam
571 787 655 831 anno
679 769 739 830 461
773 765 969 830 anteriorem
997 762 1545 850 (Ζ666661611661661ι666.516),
1576 762 1737 850 adquam
1765 764 1835 849 ipse
1859 760 1971 827 (111666
1994 760 2052 826 66-

399 870 481 936 ludit
503 869 595 954 (6.1;
619 869 808 934 monimenta
827 918 856 934 ..
879 868 995 932 siriam
1017 867 1108 932 661111
1128 866 1227 931 classe
1249 866 1372 949 1666166
1394 867 1578 948 deportata·
1608 887 1634 930 c.
1652 870 1706 931 25:
1736 865 1796 930 alii
1818 864 2054 929 transmarinas

394 974 543 1054 petebam
564 971 728 1058 raciones).
774 973 844 1059 1666
869 993 931 1058 666
955 991 1039 1036 anno
1062 969 1209 1036 Saxones
1231 971 1264 1035 in
1279 970 1479 1036 Britanniam
1502 969 1691 1035 advenerint
1713 990 1777 1034 non
1802 970 1956 1051 enuntiat,
1979 989 2054 1032 nam

401 1077 563 1142 oraculum
594 1076 680 1162 quod
711 1076 811 1141 refert
835 1098 861 1140 o.
885 1079 924 1142 23
949 1075 1089 1140 futurum
1113 1095 1199 1156 6666,
1230 1081 1265 1138 61
1292 1095 1352 1162 666
1374 1095 1475 1140 annos
1498 1080 1660 1140 trecentos
1683 1074 1832 1139 Saxones
1853 1073 2053 1138 Britanniam

400 1181 585 1263 insiderent,
611 1187 740 1245 centum
762 1201 840 1245 vero
864 1180 1097 1266 quinquaginta
1120 1180 1211 1244 annis
1242 1199 1314 1244 eam
1337 1179 1466 1265 saepius
1489 1185 1670 1261 vastarent,
1698 1179 1760 1243 hoc
1784 1179 1887 1242 solum
1910 1177 2055 1242 declarat

399 1284 563 1349 Brittones
588 1283 628 1349 66
652 1283 820 1350 1116666666
835 1284 941 1370 661616
958 1283 1182 1369 desperavisse
1198 1304 1303 1369 neque
1322 1283 1365 1348 66
1380 1284 1519 1348 66166166
1534 1284 1642 1348 666661
1659 1282 1767 1347 debet.
1806 1281 1864 1346 666
1879 1280 2055 1346 videndum

401 1395 451 1452 661
475 1388 515 1452 66
539 1389 610 1454 1666
634 1389 834 1454 conclamato
858 1389 1115 1452 numerationem
1138 1392 1225 1452 certe
1249 1389 1390 1474 aliquam
1412 1408 1568 1452 annorum
1593 1387 1788 1468 6661166616,
1813 1406 1876 1472 666
1893 1383 2055 1451 concludit

400 1493 469 1557 1666
498 1491 780 1558 6666116666666
809 1492 940 1578 66661116
969 1492 1052 1555 16166
1073 1490 1245 1555 Britannos
1269 1498 1303 1556 61
1326 1490 1473 1556 Saxones
1495 1491 1588 1556 sactis
1611 1512 1637 1557 6.
1655 1494 1712 1556 26:
1737 1492 1834 1554 ‘nnnc
1863 1489 1943 1554 cives
1969 1508 2056 1553 nano

400 1596 503 1660 tostos
529 1595 694 1660 vincebant
720 1616 820 1678 nsqne
847 1595 891 1659 66
918 1615 1041 1658 annam
1064 1595 1258 1659 ‘obsessionis
1288 1594 1450 1660 Badonici
1480 1596 1595 1660 montis
1625 1595 1874 1674 novissimaeque
1899 1593 1997 1673 fernae
2018 1592 2056 1656 de

402 1698 578 1780 ‘furciferis
606 1719 670 1762 non
699 1700 850 1764 minimae
876 1699 994 1781 strapis
1020 1699 1137 1779 661666
1166 1698 1429 1780 qnadropesimns
1461 1703 1598 1780 qnartns
1627 1703 1664 1762 nt
1691 1699 1764 1762 novi
1793 1697 1919 1762 orditur
1950 1716 2057 1761 anneis

402 1806 516 1866 ‘rnense
548 1803 615 1866 iam
647 1822 711 1866 nno
745 1823 865 1868 emenso
895 1804 952 1886 qni
983 1807 1013 1867 et
1034 1823 1119 1867 meae
1153 1803 1335 1867 nativitatis
1360 1801 1426 1869 est)
1472 1823 1556 1890 quae
1578 1804 1679 1868 verba
1706 1803 1750 1867 sic
1772 1801 1891 1887 scripta
1914 1801 2057 1866 inlibris

401 1908 519 1971 nostris
542 1905 635 1972 Beda
656 1906 687 1970 h.
712 1908 790 1971 eccl.
816 1911 902 1988 1,16
925 1907 971 1970 116
993 1905 1149 1971 reddidit:
1175 1908 1224 1970 ‘ea
1245 1925 1279 1968 oo
1301 1911 1435 1986 tempore
1456 1927 1543 1971 nnnc
1565 1907 1646 1971 cives
1667 1927 1754 1970 nnnc
1775 1905 1877 1970 1666166
1890 1903 2055 1969 vincebant

404 2013 512 2092 ‘nsque
534 2011 579 2074 ad
600 2031 722 2076 annam
744 2011 929 2077 obsessionis
943 2009 1105 2074 Bodoniei
1120 2009 1244 2085 6166116,
1266 2009 1395 2090 qnando
1410 2029 1474 2074 non
1488 2011 1639 2075 minimas
1654 2010 1768 2074 eisdem
1783 2009 1923 2075 1166161666
1937 2013 2058 2089 strages

402 2114 546 2192 ‘dabant,
578 2115 817 2198 quadragesimo
851 2112 976 2176 circiter
1007 2117 1037 2176 et
1061 2117 1176 2194 quarto
1204 2132 1289 2177 anno
1318 2113 1473 2177 adventus
1501 2135 1608 2178 eornm
1639 2115 1675 2177 in
1706 2110 1937 2189 Britanniam,
1971 2110 2056 2176 6666

402 2218 525 2283 Arthur
556 2218 596 2283 66
625 2220 657 2283 16
685 2217 843 2283 Βο666616
872 2214 1011 2302 (Gnidon
1040 2237 1132 2281 reone
1162 2215 1293 2298 celtiqne
1319 2218 1417 2281 6616
1442 2217 1789 2304 618831561666.)
1817 2216 2056 2282 6661661111666

404 2329 556 2408 corrupta
577 2321 721 2387 16616666
745 2327 820 2385 6616
842 2326 880 2384 61
901 2320 980 2384 noni
1000 2320 1098 2384 inseri
1120 2320 1211 2396 iussit
1226 2320 1381 2385 adventas
1395 2341 1503 2386 eornm
1524 2321 1561 2386 in
1575 2321 1796 2386 Britanniam.
1834 2321 1913 2386 mihi
1929 2340 2057 2406 qnoque

404 2449 487 2513 quae
518 2426 592 2490 libri
620 2426 743 2491 habent
770 2445 884 2511 parum
913 2444 991 2488 sana
1013 2423 1179 2506 videntur,
1204 2415 1276 2488 6616
1299 2424 1503 2489 commodam
1525 2425 1824 2510 interpretationem
1855 2425 1976 2490 nullam
1998 2423 2056 2489 66-

405 2531 536 2595 mittant
558 2550 664 2614 neque
681 2535 771 2593 tanta
787 2528 828 2592 sit
843 2528 1005 2614 scriptoris
1027 2528 1170 2608 16166116,
1194 2533 1229 2592 61
1251 2528 1348 2615 61666
1370 2528 1540 2593 balbutiat.
1576 2529 1761 2595 emendatio
1784 2530 2057 2615 616611666666-

405 2633 511 2714 cedat,
535 2632 598 2697 duo
622 2631 764 2697 tenenda
787 2638 869 2712 sunt,
893 2633 1031 2718 primum
1053 2632 1432 2697 66616661666166666
1455 2653 1583 2715 carere,
1608 2632 1724 2698 deinde
1755 2655 1873 2698 annum
1897 2634 1951 2720 qui
1973 2633 2057 2696 ordi-

404 2742 459 2800 166
481 2757 584 2800 nanse
606 2736 671 2800 iam
693 2756 758 2801 nno
781 2756 902 2800 6666166
925 2756 1083 2800 essenon
1106 2757 1202 2821 66666
1225 2736 1285 2800 6161
1307 2743 1524 2822 6666666166.
1568 2737 1650 2803 haec
1673 2739 1729 2803 ubi
1745 2744 1902 2819 tenemus,
1920 2736 2057 2802 16616666

403 2841 449 2905 616
470 2839 582 2905 licebit
604 2839 723 2905 tradita
744 2840 918 2926 refingere:
942 2839 1059 2921 quique
1080 2840 1342 2922 quadragesimas
1363 2847 1500 2922 quartas
1521 2842 1584 2926 [est
1606 2843 1645 2908 ab
1667 2863 1702 2908 eo
1721 2843 1795 2927 qai]
1811 2843 1936 2908 orditur
1950 2861 2059 2906 annas

403 2965 506 3008 mense
538 2944 605 3008 iam
633 2964 698 3009 nno
725 2963 862 3021 anenso,
890 2943 947 3024 661
969 2948 998 3007 61
1019 2963 1104 3007 meac
1126 2944 1307 3009 natiuitatis
1335 2950 1389 3010 est.
1440 2945 1487 3010 its
1517 2944 1629 3010 Gildas
1664 2947 1709 3011 611
1736 2945 1877 3011 scribere
1906 2965 1942 3010 se
1973 2965 2057 3010 6666

405 3047 446 3113 616
476 3047 663 3113 obsessione
695 3048 812 3112 montis
841 3046 998 3111 Badonici
1022 3047 1164 3132 itemquo
1189 3070 1208 3111 6
1230 3049 1398 3114 6611611616
1422 3069 1479 3113 666
1502 3049 1749 3136 quadragesimo
1773 3056 1902 3136 quarto,
1926 3056 2058 3115 61666-

404 3152 503 3234 venit,
528 3151 614 3238 quod
636 3153 669 3216 in
686 3154 840 3217 lemmate
864 3152 971 3237 posuit
986 3152 1133 3236 cogitans
1157 3151 1197 3216 66
1222 3153 1409 3218 obsessione
1432 3153 1500 3219 illa:
1533 3154 1570 3218 de
1585 3160 1748 3235 postrema
1763 3155 1894 3235 patriae
1916 3154 2058 3232 victoria,

404 3277 486 3336 qnae
508 3255 697 3336 temporibus
718 3256 836 3320 nostris
857 3254 908 3318 dei
929 3261 1013 3319 6616
1035 3256 1154 3320 donata
1177 3261 1230 3320 est.
1264 3255 1391 3321 Bedam
1414 3263 1523 3322 autem
1547 3264 1726 3323 statuemus
1747 3259 1854 3326 locum
1876 3257 1993 3323 (111666
2014 3258 2060 3323 116

404 3359 539 3446 legisse,
568 3365 604 3424 61
635 3381 709 3426 eum
734 3359 873 3445 legimus
896 3379 968 3441 nos,
999 3365 1128 3424 etcum
1150 3359 1296 3446 intellegi
1324 3381 1388 3426 non
1409 3367 1535 3448 posset,
1565 3382 1639 3426 eum
1661 3362 1765 3428 libers
1789 3359 1963 3427 adseram
1987 3382 2060 3426 eam

405 3469 545 3550 aptasse,
570 3485 667 3550 quam
689 3464 768 3528 alibi
791 3483 918 3550 quoque
942 3463 1095 3549 sequitur.

514 3567 609 3642 Quod
641 3568 667 3631 si
692 3567 776 3633 haec
804 3574 892 3632 66616
916 3569 1160 3653 explanavimus
1183 3573 1217 3632 61
1238 3569 1317 3632 item
1340 3574 1428 3634 66616
1457 3589 1528 3635 cum
1558 3569 1720 3635 Zimmero
1744 3568 1874 3635 Gildam
1896 3570 2061 3656 posuimus

405 3679 516 3738 natum
537 3693 608 3737 esse
629 3673 739 3758 paucis
759 3673 850 3737 annis
867 3677 942 3737 6616
960 3693 988 3736 a.
1004 3675 1077 3753 504,
1101 3674 1274 3759 epistulam
1291 3672 1430 3738 dictasse
1446 3676 1617 3739 66616666
1632 3675 1833 3739 6611166616
1850 3677 1922 3755 547,
1946 3695 2060 3760 666666

406 3775 448 3840 66
460 3775 592 3841 Aetium
608 3774 761 3858 directae,
778 3774 819 3840 66
837 3774 952 3861 6611666
968 3777 1074 3861 agitur
1089 3797 1116 3844 o.
1129 3781 1179 3858 20,
1197 3783 1231 3841 61
1244 3776 1409 3841 Saxonum
1427 3779 1594 3863 666666116
1610 3779 1806 3860 Β611666166,
1823 3797 1906 3862 6666
1922 3776 2061 3842 66166166

407 3902 433 3944 e.
451 3881 502 3962 23,
526 3878 702 3944 secundum
718 3886 867 3945 auctores
882 3901 977 3944 veros
999 3881 1033 3944 in
1055 3879 1143 3945 idem
1158 3881 1226 3945 1666
1242 3887 1380 3966 tempus,
1404 3881 1500 3946 idest
1521 3883 1554 3946 in
1571 3903 1599 3946 6.
1617 3903 1643 3948 6.
1664 3885 1725 3946 150
1741 3879 1894 3947 16616661.
1933 3887 2059 3967 666166-

406 3985 484 4050 bata
506 3986 604 4071 igitur
628 3990 678 4049 est
692 3984 831 4050 Gildone
853 3985 994 4049 namatio
1018 4005 1133 4070 preces
1156 3985 1227 4049 illas
1250 3985 1351 4048 166166
1375 4005 1447 4049 6666
1470 3990 1604 4071 6666166
1626 3987 1711 4051 66166
1726 3985 1924 4049 incursiones
1939 3983 2060 4048 Hiber·

406 4110 520 4154 norum
532 4088 761 4174 Pictorumque
780 4086 900 4173 (6.21),
917 4093 1028 4152 666616
1044 4108 1116 4152 6666
1132 4088 1170 4152 116
1187 4086 1318 4152 domum
1334 4089 1470 4153 reversis
1486 4095 1634 4175 tempora
1647 4089 1795 4154 luxuriae
1810 4087 1925 4174 (621),
1943 4087 2060 4153 661666

407 4215 478 4258 oum
502 4191 699 4273 6666666166
718 4197 824 4273 666166
846 4190 985 4256 reditum
1008 4192 1219 4274 minarentur,
1248 4197 1358 4256 666166
1387 4213 1443 4256 666
1472 4192 1647 4257 666666166
1671 4213 1742 4258 6666
1766 4192 1913 4257 Saxones
1938 4190 1978 4276 (c.
1996 4195 2060 4272 23).

406 4297 606 4383 perturbatio
631 4301 688 4360 aut
710 4301 883 4360 excusatur
905 4301 1065 4360 66166616
1083 4296 1262 4381 explicatur
1279 4317 1330 4378 eo,
1354 4296 1440 4382 quod
1457 4298 1580 4361 1666166
1598 4297 1764 4383 occupatio
1782 4297 1943 4361 Saxonioa
1958 4298 2062 4361 661616

406 4400 533 4466 videtur
556 4421 626 4464 esse
650 4401 705 4480 1161,
728 4399 784 4464 6161
806 4399 984 4464 666666666
1007 4401 1067 4464 1611
1090 4401 1211 4485 primus
1235 4399 1400 4464 Saxonum
1423 4401 1455 4464 in
1478 4401 1614 4465 16661666
1640 4400 1808 4482 adventum,
1832 4421 1911 4485 quos
1935 4406 2061 4464 constat

407 4504 1055 4570 666666111666Β611666166161661661666
1072 4511 1244 4590 antequam
1258 4525 1331 4568 eam
1344 4510 1548 4590 occuparent.
1565 4507 1669 4592 ipsum
1685 4506 1849 4569 oraculum
1867 4506 2060 4590 666666616-

406 4615 475 4674 tum
487 4608 614 4673 videtur
628 4609 810 4673 invasiones
825 4629 884 4694 per
907 4629 1006 4672 annos
1030 4614 1158 4673 centurn
1183 4614 1216 4672 61
1231 4609 1463 4694 quinquaginta
1486 4629 1587 4673 annos
1603 4609 1804 4673 continuatas
1820 4607 2002 4672 distinxisse
2020 4606 2060 4672 ab

408 4713 620 4800 occupatione
644 4712 740 4776 trium
765 4714 966 4778 saeculorum
990 4719 1026 4776 61
1039 4718 1154 4798 666166
1171 4711 1300 4776 demum
1318 4734 1390 4777 oum
1406 4719 1578 4799 utrumque
1595 4712 1854 4795 confunderetur,
1877 4711 1919 4777 66
1934 4719 2061 4799 666166-

406 4819 571 4882 1661166666
588 4838 661 4882 6666
680 4816 848 4882 celandam
864 4817 1011 4881 membra
1027 4816 1090 4881 duo
1107 4837 1278 4902 perperam
1293 4818 1422 4882 inversa
1438 4838 1519 4882 esse.
1552 4818 1638 4903 regis
1655 4817 1734 4899 6166,
1751 4817 1805 4903 661
1821 4822 1931 4882 eontra
1947 4823 2061 4902 gentes

407 4923 606 5009 aquilonales
623 4919 769 4985 Saxones
785 4922 922 5007 primum
939 4920 1117 5002 advocavit,
1136 4921 1248 4985 Gildas
1264 4943 1382 4985 nomen
1397 4943 1461 4985 non
1478 4921 1605 4985 videtur
1628 4922 1785 5007 posuisse,
1809 4922 1916 5008 posuit
1931 4920 2061 4985 Gildam

408 5029 555 5113 expilans
577 5027 732 5091 historiae
757 5027 960 5091 Britannicae
985 5027 1136 5112 scriptor,
1167 5033 1202 5090 ut
1224 5027 1307 5090 infra
1329 5027 1385 5090 ubi
1409 5047 1481 5090 eam
1505 5025 1638 5090 edemus
1663 5025 1952 5105 demonstrabitur,
1976 5023 2061 5089 6666

406 5130 595 5216 Vortigerni
617 5150 736 5194 nomen
757 5131 788 5195 in
810 5130 980 5195 Bedanam
1003 5131 1169 5196 historiam
1193 5131 1318 5195 transiit
1341 5136 1374 5195 et
1402 5151 1444 5194 ex
1468 5129 1610 5196 Bedanis
1640 5131 1673 5193 in
1696 5129 1813 5194 (111666
1840 5129 1940 5194 1116666
1961 5129 2061 5193 16166-

406 5236 543 5322 6616166.
590 5233 737 5298 Saxones
759 5235 805 5298 116
828 5234 990 5300 Β61166616
1007 5235 1155 5321 opitulati
1172 5254 1347 5321 eorumque
1370 5241 1536 5321 tamquam
1557 5233 1768 5300 mercennarii
1794 5233 1871 5297 16611
1891 5238 2062 5319 postquam

406 5335 504 5402 multo
527 5341 661 5419 tempore
684 5357 827 5402 annonas
850 5345 1045 5425 acceperunt
1070 5338 1264 5424 (623116),
1294 5344 1471 5424 coeperunt
1492 5338 1665 5403 Britannos
1688 5338 1872 5424 opprimere
1896 5341 2062 5422 statusque

406 5442 530 5506 insulae
554 5441 599 5505 ita
622 5440 816 5506 conturbari.
862 5461 938 5505 nam
961 5463 1156 5528 quamquam
1180 5443 1224 5507 ait
1247 5449 1360 5508 666166
1382 5442 1564 5528 praedones
1588 5442 1718 5506 domum
1742 5440 1912 5505 recessisse
1937 5438 1979 5526 (c.
1995 5438 2062 5527 26),

407 5552 519 5630 aperte
543 5544 576 5608 id
599 5566 662 5608 uon
686 5543 893 5630 6661166166
915 5552 1046 5629 gentem
1070 5548 1263 5626 universam,
1288 5546 1346 5611 666
1369 5546 1411 5610 66
1428 5553 1573 5610 66166666
1590 5567 1648 5631 666
1664 5566 1699 5609 66
1715 5545 1900 5630 1666161666
1917 5564 2062 5609 reversas

413 5651 483 5713 61116
500 5649 720 5714 subeuntibus.
745 5648 829 5714 huno
844 5671 951 5714 rerum
968 5656 1087 5716 statum
1102 5651 1272 5736 probabile
1290 5657 1339 5714 661
1357 5649 1533 5715 obtinuisse
1551 5647 1693 5714 secunda
1708 5653 1800 5732 parte
1816 5648 1936 5713 saeculi
1952 5647 2062 5734 quinti.
