<?xml version="1.0" encoding="UTF-8"?>
<!DOCTYPE html PUBLIC "-//W3C//DTD XHTML 1.0 Transitional//EN"
    "http://www.w3.org/TR/xhtml1/DTD/xhtml1-transitional.dtd">
<html xmlns="http://www.w3.org/1999/xhtml" xml:lang="en" lang="en">
 <head>
  <title>
</title>
<meta http-equiv="Content-Type" content="text/html;charset=utf-8" />
  <meta name='ocr-system' content='tesseract 3.04.00' />
  <meta name='ocr-capabilities' content='ocr_page ocr_carea ocr_par ocr_line ocrx_word'/>
</head>
<body>
  <div class='ocr_page' id='page_1' title='image "./monumentagerman01mittgoog_0188.png"; bbox 0 0 4634 6286; ppageno 0'>
   <div class='ocr_carea' id='block_1_1' title="bbox 826 279 1918 354">
    <p class='ocr_par' dir='ltr' id='par_1_1' title="bbox 826 279 1918 354">
     <span class='ocr_line' id='line_1_1' title="bbox 826 279 1918 354; baseline 0.016 -18"><span class='ocrx_word' id='word_1_1' title='bbox 826 280 904 336; x_wconf 78' lang='lat' dir='ltr'>CVM</span> <span class='ocrx_word' id='word_1_2' title='bbox 921 281 1198 336; x_wconf 70' lang='lat' dir='ltr'>subtransacta</span> <span class='ocrx_word' id='word_1_3' title='bbox 1217 279 1360 338; x_wconf 74' lang='lat' dir='ltr'>Neurus</span> <span class='ocrx_word' id='word_1_4' title='bbox 1859 289 1918 354; x_wconf 80' lang='lat'>¹73</span> 
     </span>
    </p>
   </div>
   <div class='ocr_carea' id='block_1_2' title="bbox 377 405 1852 524">
    <p class='ocr_par' dir='ltr' id='par_1_2' title="bbox 377 405 1852 524">
     <span class='ocr_line' id='line_1_2' title="bbox 377 405 1852 524; baseline 0.005 -8"><span class='ocrx_word' id='word_1_5' title='bbox 377 450 604 518; x_wconf 81' lang='lat' dir='ltr'><strong><em>HISTORIA</em></strong></span> <span class='ocrx_word' id='word_1_6' title='bbox 626 453 841 521; x_wconf 84' lang='lat' dir='ltr'><em>BRITTON</em></span> <span class='ocrx_word' id='word_1_7' title='bbox 845 454 920 521; x_wconf 86' lang='lat' dir='ltr'>VM.</span> <span class='ocrx_word' id='word_1_8' title='bbox 1093 405 1097 410; x_wconf 25' lang='grc' dir='ltr'>Ι</span> <span class='ocrx_word' id='word_1_9' title='bbox 1212 453 1427 520; x_wconf 84' lang='lat' dir='ltr'><strong><em>NENNIVS</em></strong></span> <span class='ocrx_word' id='word_1_10' title='bbox 1443 455 1852 524; x_wconf 78' lang='lat' dir='ltr'><strong><em>INTERPRETATVS.</em></strong></span> 
     </span>
    </p>
   </div>
   <div class='ocr_carea' id='block_1_3' title="bbox 264 573 1944 872">
    <p class='ocr_par' dir='ltr' id='par_1_3' title="bbox 264 573 1944 872">
     <span class='ocr_line' id='line_1_3' title="bbox 264 573 1917 663; baseline 0.002 -24"><span class='ocrx_word' id='word_1_11' title='bbox 264 573 370 656; x_wconf 88' lang='lat' dir='ltr'>valde,</span> <span class='ocrx_word' id='word_1_12' title='bbox 395 576 445 638; x_wconf 91' lang='lat' dir='ltr'>cui</span> <span class='ocrx_word' id='word_1_13' title='bbox 469 595 587 640; x_wconf 91' lang='lat' dir='ltr'>nomen</span> <span class='ocrx_word' id='word_1_14' title='bbox 610 583 681 640; x_wconf 91' lang='lat' dir='ltr'>erat</span> <span class='ocrx_word' id='word_1_15' title='bbox 696 577 791 642; x_wconf 93' lang='lat' dir='ltr'>Benli</span> <span class='ocrx_word' id='word_1_16' title='bbox 804 576 840 663; x_wconf 82' lang='lat'>¹).</span> <span class='ocrx_word' id='word_1_17' title='bbox 885 578 976 642; x_wconf 92' lang='lat' dir='ltr'>illurn</span> <span class='ocrx_word' id='word_1_18' title='bbox 992 578 1041 642; x_wconf 80' lang='lat' dir='ltr'>vir</span> <span class='ocrx_word' id='word_1_19' title='bbox 1146 577 1197 641; x_wconf 89' lang='lat' dir='ltr'>cui</span> <span class='ocrx_word' id='word_1_20' title='bbox 1219 596 1338 640; x_wconf 91' lang='lat' dir='ltr'>nomen</span> <span class='ocrx_word' id='word_1_21' title='bbox 1361 582 1431 640; x_wconf 89' lang='lat' dir='ltr'>erat</span> <span class='ocrx_word' id='word_1_22' title='bbox 1449 576 1554 659; x_wconf 91' lang='lat' dir='ltr'>Benli,</span> <span class='ocrx_word' id='word_1_23' title='bbox 1577 584 1613 641; x_wconf 94' lang='lat' dir='ltr'>ut</span> <span class='ocrx_word' id='word_1_24' title='bbox 1635 577 1840 663; x_wconf 79' lang='lat' dir='ltr'><strong>praedicaret</strong></span> <span class='ocrx_word' id='word_1_25' title='bbox 1862 579 1917 643; x_wconf 92' lang='lat' dir='ltr'>illi.</span> 
     </span>
     <span class='ocr_line' id='line_1_4' title="bbox 266 680 1918 769; baseline 0.003 -27"><span class='ocrx_word' id='word_1_26' title='bbox 266 685 395 743; x_wconf 88' lang='lat' dir='ltr'>sanctus</span> <span class='ocrx_word' id='word_1_27' title='bbox 428 680 529 744; x_wconf 79' lang='lat' dir='ltr'>voluit</span> <span class='ocrx_word' id='word_1_28' title='bbox 561 681 691 746; x_wconf 78' lang='lat' dir='ltr'>visitare</span> <span class='ocrx_word' id='word_1_29' title='bbox 726 688 760 746; x_wconf 91' lang='lat' dir='ltr'>et</span> <span class='ocrx_word' id='word_1_30' title='bbox 790 703 965 769; x_wconf 87' lang='lat' dir='ltr'>properare</span> <span class='ocrx_word' id='word_1_31' title='bbox 1000 682 1041 746; x_wconf 89' lang='lat' dir='ltr'>ad</span> <span class='ocrx_word' id='word_1_32' title='bbox 1146 683 1235 746; x_wconf 90' lang='lat' dir='ltr'>stetit</span> <span class='ocrx_word' id='word_1_33' title='bbox 1250 681 1430 746; x_wconf 85' lang='lat' dir='ltr'>Germanus</span> <span class='ocrx_word' id='word_1_34' title='bbox 1454 703 1525 746; x_wconf 90' lang='lat' dir='ltr'>oum</span> <span class='ocrx_word' id='word_1_35' title='bbox 1546 683 1669 746; x_wconf 81' lang='lat' dir='ltr'>clericis</span> <span class='ocrx_word' id='word_1_36' title='bbox 1692 682 1758 746; x_wconf 87' lang='lat' dir='ltr'>suis</span> <span class='ocrx_word' id='word_1_37' title='bbox 1779 682 1811 746; x_wconf 94' lang='lat' dir='ltr'>in</span> <span class='ocrx_word' id='word_1_38' title='bbox 1836 683 1918 748; x_wconf 90' lang='lat' dir='ltr'>ostio</span> 
     </span>
     <span class='ocr_line' id='line_1_5' title="bbox 265 783 1944 872; baseline 0.004 -25"><span class='ocrx_word' id='word_1_39' title='bbox 265 783 409 869; x_wconf 90' lang='lat' dir='ltr'>iniquum</span> <span class='ocrx_word' id='word_1_40' title='bbox 442 803 569 869; x_wconf 84' lang='lat' dir='ltr'>regem,</span> <span class='ocrx_word' id='word_1_41' title='bbox 604 790 640 848; x_wconf 89' lang='lat' dir='ltr'>ut</span> <span class='ocrx_word' id='word_1_42' title='bbox 672 784 878 871; x_wconf 72' lang='lat' dir='ltr'>praedicaret</span> <span class='ocrx_word' id='word_1_43' title='bbox 907 788 962 851; x_wconf 90' lang='lat' dir='ltr'>illi.</span> <span class='ocrx_word' id='word_1_44' title='bbox 1008 792 1043 850; x_wconf 91' lang='lat' dir='ltr'>at</span> <span class='ocrx_word' id='word_1_45' title='bbox 1145 787 1244 861; x_wconf 88' lang='lat' dir='ltr'>arcie;</span> <span class='ocrx_word' id='word_1_46' title='bbox 1268 786 1326 850; x_wconf 85' lang='lat' dir='ltr'>ivit</span> <span class='ocrx_word' id='word_1_47' title='bbox 1346 787 1505 872; x_wconf 88' lang='lat' dir='ltr'>portarius</span> <span class='ocrx_word' id='word_1_48' title='bbox 1528 786 1570 850; x_wconf 93' lang='lat' dir='ltr'>ad</span> <span class='ocrx_word' id='word_1_49' title='bbox 1591 805 1704 872; x_wconf 83' lang='lat' dir='ltr'>regem</span> <span class='ocrx_word' id='word_1_50' title='bbox 1735 807 1806 850; x_wconf 91' lang='lat' dir='ltr'>curn</span> <span class='ocrx_word' id='word_1_51' title='bbox 1837 808 1944 854; x_wconf 91' lang='lat' dir='ltr'>nun-.</span> 
     </span>
    </p>
   </div>
   <div class='ocr_carea' id='block_1_4' title="bbox 227 887 1919 1080">
    <p class='ocr_par' dir='ltr' id='par_1_4' title="bbox 227 887 1919 1080">
     <span class='ocr_line' id='line_1_6' title="bbox 267 887 1919 973; baseline 0.002 -22"><span class='ocrx_word' id='word_1_52' title='bbox 267 909 340 952; x_wconf 91' lang='lat' dir='ltr'>cum</span> <span class='ocrx_word' id='word_1_53' title='bbox 370 889 441 973; x_wconf 86' lang='lat' dir='ltr'>ipse</span> <span class='ocrx_word' id='word_1_54' title='bbox 468 887 565 952; x_wconf 91' lang='lat' dir='ltr'>homo</span> <span class='ocrx_word' id='word_1_55' title='bbox 593 887 646 952; x_wconf 92' lang='lat' dir='ltr'>dei</span> <span class='ocrx_word' id='word_1_56' title='bbox 675 891 819 954; x_wconf 86' lang='lat' dir='ltr'>venisset</span> <span class='ocrx_word' id='word_1_57' title='bbox 853 889 896 954; x_wconf 91' lang='lat' dir='ltr'>ad</span> <span class='ocrx_word' id='word_1_58' title='bbox 925 891 1041 955; x_wconf 85' lang='lat' dir='ltr'>ostium</span> <span class='ocrx_word' id='word_1_59' title='bbox 1146 890 1191 953; x_wconf 90' lang='lat' dir='ltr'>tio</span> <span class='ocrx_word' id='word_1_60' title='bbox 1219 891 1327 955; x_wconf 85' lang='lat' dir='ltr'>clerici</span> <span class='ocrx_word' id='word_1_61' title='bbox 1358 897 1391 955; x_wconf 92' lang='lat' dir='ltr'>et</span> <span class='ocrx_word' id='word_1_62' title='bbox 1422 911 1481 956; x_wconf 85' lang='lat' dir='ltr'>rex</span> <span class='ocrx_word' id='word_1_63' title='bbox 1511 912 1583 955; x_wconf 90' lang='lat' dir='ltr'>cum</span> <span class='ocrx_word' id='word_1_64' title='bbox 1613 893 1793 956; x_wconf 89' lang='lat' dir='ltr'>iuramento</span> <span class='ocrx_word' id='word_1_65' title='bbox 1823 889 1919 955; x_wconf 86' lang='lat' dir='ltr'>dixit:</span> 
     </span>
     <span class='ocr_line' id='line_1_7' title="bbox 227 991 1041 1080; baseline 0.006 -26"><span class='ocrx_word' id='word_1_66' title='bbox 227 1010 239 1046; x_wconf 78' lang='grc' dir='ltr'>ι</span> <span class='ocrx_word' id='word_1_67' title='bbox 266 991 354 1055; x_wconf 90' lang='lat' dir='ltr'>urbia</span> <span class='ocrx_word' id='word_1_68' title='bbox 377 1012 450 1055; x_wconf 90' lang='lat' dir='ltr'>cum</span> <span class='ocrx_word' id='word_1_69' title='bbox 475 991 646 1056; x_wconf 73' lang='lat' dir='ltr'>comitibus</span> <span class='ocrx_word' id='word_1_70' title='bbox 669 992 744 1074; x_wconf 90' lang='lat' dir='ltr'>suis,</span> <span class='ocrx_word' id='word_1_71' title='bbox 767 996 859 1057; x_wconf 86' lang='lat' dir='ltr'>venit</span> <span class='ocrx_word' id='word_1_72' title='bbox 880 996 1041 1080; x_wconf 87' lang='lat' dir='ltr'>portarius</span> 
     </span>
    </p>
   </div>
   <div class='ocr_carea' id='block_1_5' title="bbox 266 1095 1043 1286">
    <p class='ocr_par' dir='ltr' id='par_1_5' title="bbox 266 1095 1043 1286">
     <span class='ocr_line' id='line_1_8' title="bbox 267 1095 1042 1185; baseline 0.008 -26"><span class='ocrx_word' id='word_1_73' title='bbox 267 1101 301 1168; x_wconf 85' lang='lat' dir='ltr'>et</span> <span class='ocrx_word' id='word_1_74' title='bbox 315 1095 468 1159; x_wconf 86' lang='lat' dir='ltr'>salutavit</span> <span class='ocrx_word' id='word_1_75' title='bbox 483 1115 540 1160; x_wconf 92' lang='lat' dir='ltr'>eos</span> <span class='ocrx_word' id='word_1_76' title='bbox 557 1100 590 1158; x_wconf 91' lang='lat' dir='ltr'>et</span> <span class='ocrx_word' id='word_1_77' title='bbox 603 1096 760 1161; x_wconf 91' lang='lat' dir='ltr'>miserunt</span> <span class='ocrx_word' id='word_1_78' title='bbox 777 1116 851 1161; x_wconf 92' lang='lat' dir='ltr'>eum</span> <span class='ocrx_word' id='word_1_79' title='bbox 867 1097 910 1161; x_wconf 95' lang='lat' dir='ltr'>ad</span> <span class='ocrx_word' id='word_1_80' title='bbox 928 1120 1042 1185; x_wconf 86' lang='lat' dir='ltr'>regem</span> 
     </span>
     <span class='ocr_line' id='line_1_9' title="bbox 266 1199 1043 1286; baseline 0.008 -24"><span class='ocrx_word' id='word_1_81' title='bbox 266 1204 300 1263; x_wconf 90' lang='lat' dir='ltr'>et</span> <span class='ocrx_word' id='word_1_82' title='bbox 333 1219 394 1263; x_wconf 84' lang='lat' dir='ltr'>rex</span> <span class='ocrx_word' id='word_1_83' title='bbox 428 1199 542 1263; x_wconf 91' lang='lat' dir='ltr'>durum</span> <span class='ocrx_word' id='word_1_84' title='bbox 573 1219 763 1286; x_wconf 91' lang='lat' dir='ltr'>responsum</span> <span class='ocrx_word' id='word_1_85' title='bbox 792 1199 883 1265; x_wconf 87' lang='lat' dir='ltr'>dedit</span> <span class='ocrx_word' id='word_1_86' title='bbox 915 1203 977 1266; x_wconf 89' lang='lat' dir='ltr'>illis</span> <span class='ocrx_word' id='word_1_87' title='bbox 1009 1211 1043 1268; x_wconf 90' lang='lat' dir='ltr'>et</span> 
     </span>
    </p>
   </div>
   <div class='ocr_carea' id='block_1_6' title="bbox 217 1303 1922 1910">
    <p class='ocr_par' dir='ltr' id='par_1_6' title="bbox 266 1303 1921 1497">
     <span class='ocr_line' id='line_1_10' title="bbox 267 1303 1921 1392; baseline 0.004 -26"><span class='ocrx_word' id='word_1_88' title='bbox 267 1324 339 1366; x_wconf 92' lang='lat' dir='ltr'>cum</span> <span class='ocrx_word' id='word_1_89' title='bbox 372 1303 552 1367; x_wconf 91' lang='lat' dir='ltr'>iuramento</span> <span class='ocrx_word' id='word_1_90' title='bbox 588 1303 684 1368; x_wconf 84' lang='lat' dir='ltr'>dixit:</span> <span class='ocrx_word' id='word_1_91' title='bbox 718 1305 745 1368; x_wconf 88' lang='lat' dir='ltr'>ei</span> <span class='ocrx_word' id='word_1_92' title='bbox 780 1305 899 1370; x_wconf 88' lang='lat' dir='ltr'>fuerint</span> <span class='ocrx_word' id='word_1_93' title='bbox 930 1308 982 1371; x_wconf 86' lang='lat' dir='ltr'>vol</span> <span class='ocrx_word' id='word_1_94' title='bbox 1016 1309 1042 1372; x_wconf 90' lang='lat' dir='ltr'>si</span> <span class='ocrx_word' id='word_1_95' title='bbox 1147 1307 1315 1371; x_wconf 81' lang='lat' dir='ltr'>siluerint</span> <span class='ocrx_word' id='word_1_96' title='bbox 1344 1306 1451 1369; x_wconf 87' lang='lat' dir='ltr'>elerici</span> <span class='ocrx_word' id='word_1_97' title='bbox 1480 1326 1583 1391; x_wconf 91' lang='lat' dir='ltr'>usque</span> <span class='ocrx_word' id='word_1_98' title='bbox 1607 1305 1649 1369; x_wconf 90' lang='lat' dir='ltr'>ad</span> <span class='ocrx_word' id='word_1_99' title='bbox 1673 1313 1770 1392; x_wconf 89' lang='lat' dir='ltr'>caput</span> <span class='ocrx_word' id='word_1_100' title='bbox 1792 1309 1867 1372; x_wconf 90' lang='lat' dir='ltr'>anni</span> <span class='ocrx_word' id='word_1_101' title='bbox 1888 1310 1921 1373; x_wconf 93' lang='lat' dir='ltr'>in</span> 
     </span>
     <span class='ocr_line' id='line_1_11' title="bbox 266 1406 1920 1497; baseline 0.004 -28"><span class='ocrx_word' id='word_1_102' title='bbox 266 1407 443 1471; x_wconf 89' lang='lat' dir='ltr'>manserint</span> <span class='ocrx_word' id='word_1_103' title='bbox 454 1427 556 1492; x_wconf 85' lang='lat' dir='ltr'>usquc</span> <span class='ocrx_word' id='word_1_104' title='bbox 572 1406 615 1471; x_wconf 95' lang='lat' dir='ltr'>ad</span> <span class='ocrx_word' id='word_1_105' title='bbox 628 1414 725 1494; x_wconf 88' lang='lat' dir='ltr'>ceput</span> <span class='ocrx_word' id='word_1_106' title='bbox 737 1410 821 1490; x_wconf 90' lang='lat' dir='ltr'>anni,</span> <span class='ocrx_word' id='word_1_107' title='bbox 833 1429 898 1472; x_wconf 96' lang='lat' dir='ltr'>non</span> <span class='ocrx_word' id='word_1_108' title='bbox 909 1411 1042 1474; x_wconf 80' lang='lat' dir='ltr'>venient</span> <span class='ocrx_word' id='word_1_109' title='bbox 1107 1427 1118 1464; x_wconf 70' lang='grc' dir='ltr'>ι</span> <span class='ocrx_word' id='word_1_110' title='bbox 1147 1410 1228 1473; x_wconf 90' lang='lat' dir='ltr'>ostio</span> <span class='ocrx_word' id='word_1_111' title='bbox 1259 1409 1358 1490; x_wconf 89' lang='lat' dir='ltr'>arcis,</span> <span class='ocrx_word' id='word_1_112' title='bbox 1390 1430 1455 1473; x_wconf 93' lang='lat' dir='ltr'>non</span> <span class='ocrx_word' id='word_1_113' title='bbox 1482 1410 1613 1474; x_wconf 88' lang='lat' dir='ltr'>venient</span> <span class='ocrx_word' id='word_1_114' title='bbox 1642 1431 1795 1497; x_wconf 90' lang='lat' dir='ltr'>umquam</span> <span class='ocrx_word' id='word_1_115' title='bbox 1827 1413 1920 1476; x_wconf 92' lang='lat' dir='ltr'>intus.</span> 
     </span>
    </p>

    <p class='ocr_par' dir='ltr' id='par_1_7' title="bbox 217 1509 1922 1910">
     <span class='ocr_line' id='line_1_12' title="bbox 217 1509 1920 1600; baseline 0.004 -27"><span class='ocrx_word' id='word_1_116' title='bbox 217 1528 242 1566; x_wconf 88' lang='grc' dir='ltr'>ιο</span> <span class='ocrx_word' id='word_1_117' title='bbox 267 1530 420 1596; x_wconf 90' lang='lat' dir='ltr'>umquam</span> <span class='ocrx_word' id='word_1_118' title='bbox 443 1511 477 1574; x_wconf 93' lang='lat' dir='ltr'>in</span> <span class='ocrx_word' id='word_1_119' title='bbox 496 1509 605 1575; x_wconf 90' lang='lat' dir='ltr'>medio</span> <span class='ocrx_word' id='word_1_120' title='bbox 628 1511 717 1576; x_wconf 88' lang='lat' dir='ltr'>urbis</span> <span class='ocrx_word' id='word_1_121' title='bbox 739 1532 844 1577; x_wconf 92' lang='lat' dir='ltr'>meae.</span> <span class='ocrx_word' id='word_1_122' title='bbox 891 1512 967 1578; x_wconf 92' lang='lat' dir='ltr'>dum</span> <span class='ocrx_word' id='word_1_123' title='bbox 981 1515 1043 1600; x_wconf 91' lang='lat' dir='ltr'>ipsi</span> <span class='ocrx_word' id='word_1_124' title='bbox 1147 1513 1235 1577; x_wconf 88' lang='lat' dir='ltr'>venit</span> <span class='ocrx_word' id='word_1_125' title='bbox 1256 1514 1417 1598; x_wconf 86' lang='lat' dir='ltr'>portarius</span> <span class='ocrx_word' id='word_1_126' title='bbox 1433 1533 1505 1577; x_wconf 92' lang='lat' dir='ltr'>cum</span> <span class='ocrx_word' id='word_1_127' title='bbox 1521 1512 1584 1578; x_wconf 93' lang='lat' dir='ltr'>hoc</span> <span class='ocrx_word' id='word_1_128' title='bbox 1599 1534 1755 1600; x_wconf 89' lang='lat' dir='ltr'>responso</span> <span class='ocrx_word' id='word_1_129' title='bbox 1779 1514 1821 1578; x_wconf 91' lang='lat' dir='ltr'>ad</span> <span class='ocrx_word' id='word_1_130' title='bbox 1836 1513 1920 1579; x_wconf 82' lang='lat' dir='ltr'>Ger-</span> 
     </span>
     <span class='ocr_line' id='line_1_13' title="bbox 268 1615 1920 1701; baseline 0.001 -23"><span class='ocrx_word' id='word_1_131' title='bbox 268 1620 481 1701; x_wconf 84' lang='lat' dir='ltr'>expectarent</span> <span class='ocrx_word' id='word_1_132' title='bbox 501 1615 715 1698; x_wconf 89' lang='lat' dir='ltr'>ienuatorem,</span> <span class='ocrx_word' id='word_1_133' title='bbox 738 1623 775 1680; x_wconf 89' lang='lat' dir='ltr'>ut</span> <span class='ocrx_word' id='word_1_134' title='bbox 795 1618 959 1682; x_wconf 79' lang='lat' dir='ltr'>nuntiaret</span> <span class='ocrx_word' id='word_1_135' title='bbox 980 1619 1042 1683; x_wconf 88' lang='lat' dir='ltr'>illie</span> <span class='ocrx_word' id='word_1_136' title='bbox 1146 1636 1286 1680; x_wconf 91' lang='lat' dir='ltr'>manum.</span> <span class='ocrx_word' id='word_1_137' title='bbox 1325 1617 1460 1681; x_wconf 79' lang='lat' dir='ltr'>recessit</span> <span class='ocrx_word' id='word_1_138' title='bbox 1475 1615 1655 1681; x_wconf 80' lang='lat' dir='ltr'>Germanus</span> <span class='ocrx_word' id='word_1_139' title='bbox 1680 1617 1721 1682; x_wconf 89' lang='lat' dir='ltr'>ab</span> <span class='ocrx_word' id='word_1_140' title='bbox 1739 1618 1821 1681; x_wconf 88' lang='lat' dir='ltr'>ostio</span> <span class='ocrx_word' id='word_1_141' title='bbox 1837 1623 1920 1680; x_wconf 88' lang='lat' dir='ltr'>tem-</span> 
     </span>
     <span class='ocr_line' id='line_1_14' title="bbox 267 1719 1922 1807; baseline 0.001 -26"><span class='ocrx_word' id='word_1_142' title='bbox 267 1737 449 1782; x_wconf 91' lang='lat' dir='ltr'>eermonem</span> <span class='ocrx_word' id='word_1_143' title='bbox 487 1720 632 1803; x_wconf 82' lang='lat' dir='ltr'>tyranni,</span> <span class='ocrx_word' id='word_1_144' title='bbox 670 1719 740 1784; x_wconf 91' lang='lat' dir='ltr'>dies</span> <span class='ocrx_word' id='word_1_145' title='bbox 778 1719 963 1786; x_wconf 80' lang='lat' dir='ltr'>declinabat</span> <span class='ocrx_word' id='word_1_146' title='bbox 1000 1722 1043 1786; x_wconf 91' lang='lat' dir='ltr'>ad</span> <span class='ocrx_word' id='word_1_147' title='bbox 1146 1741 1225 1807; x_wconf 90' lang='lat' dir='ltr'>porc</span> <span class='ocrx_word' id='word_1_148' title='bbox 1260 1720 1445 1806; x_wconf 88' lang='lat' dir='ltr'>vespertino</span> <span class='ocrx_word' id='word_1_149' title='bbox 1484 1725 1518 1784; x_wconf 90' lang='lat' dir='ltr'>et</span> <span class='ocrx_word' id='word_1_150' title='bbox 1550 1721 1717 1786; x_wconf 88' lang='lat' dir='ltr'>nesciebat</span> <span class='ocrx_word' id='word_1_151' title='bbox 1755 1741 1817 1807; x_wconf 91' lang='lat' dir='ltr'>quo</span> <span class='ocrx_word' id='word_1_152' title='bbox 1852 1721 1922 1784; x_wconf 89' lang='lat' dir='ltr'>iret.</span> 
     </span>
     <span class='ocr_line' id='line_1_15' title="bbox 267 1824 1039 1910; baseline 0.008 -26"><span class='ocrx_word' id='word_1_153' title='bbox 267 1841 439 1906; x_wconf 82' lang='lat' dir='ltr'>vesperum</span> <span class='ocrx_word' id='word_1_154' title='bbox 460 1828 495 1885; x_wconf 91' lang='lat' dir='ltr'>et</span> <span class='ocrx_word' id='word_1_155' title='bbox 509 1843 575 1886; x_wconf 87' lang='lat' dir='ltr'>nox</span> <span class='ocrx_word' id='word_1_156' title='bbox 591 1824 871 1910; x_wconf 87' lang='lat' dir='ltr'>appropinquabat</span> <span class='ocrx_word' id='word_1_157' title='bbox 886 1831 919 1889; x_wconf 88' lang='lat' dir='ltr'>et</span> <span class='ocrx_word' id='word_1_158' title='bbox 934 1827 1039 1890; x_wconf 90' lang='lat' dir='ltr'>nesci-</span> 
     </span>
    </p>
   </div>
   <div class='ocr_carea' id='block_1_7' title="bbox 373 1995 662 2060">
    <p class='ocr_par' dir='ltr' id='par_1_8' title="bbox 373 1995 662 2060">
     <span class='ocr_line' id='line_1_16' title="bbox 373 1995 662 2060; baseline -0.007 -11"><span class='ocrx_word' id='word_1_159' title='bbox 373 1995 662 2060; x_wconf 79' lang='lat' dir='ltr'><em>ODGHKLMNPQZ</em></span> 
     </span>
    </p>
   </div>
   <div class='ocr_carea' id='block_1_8' title="bbox 267 2115 1928 3484">
    <p class='ocr_par' dir='ltr' id='par_1_9' title="bbox 267 2115 1928 3484">
     <span class='ocr_line' id='line_1_17' title="bbox 372 2115 1925 2187; baseline 0 -18"><span class='ocrx_word' id='word_1_160' title='bbox 372 2118 449 2169; x_wconf 80' lang='lat' dir='ltr'>SlN.:</span> <span class='ocrx_word' id='word_1_161' title='bbox 469 2116 483 2168; x_wconf 95' lang='lat' dir='ltr'>l</span> <span class='ocrx_word' id='word_1_162' title='bbox 502 2125 557 2170; x_wconf 84' lang='lat' dir='ltr'>erat</span> <span class='ocrx_word' id='word_1_163' title='bbox 574 2115 656 2184; x_wconf 87' lang='lat' dir='ltr'>henli]</span> <span class='ocrx_word' id='word_1_164' title='bbox 676 2125 731 2169; x_wconf 86' lang='lat' dir='ltr'>erat</span> <span class='ocrx_word' id='word_1_165' title='bbox 742 2118 852 2184; x_wconf 89' lang='lat' dir='ltr'>henliZ,</span> <span class='ocrx_word' id='word_1_166' title='bbox 870 2119 973 2172; x_wconf 89' lang='lat' dir='ltr'>belinus</span> <span class='ocrx_word' id='word_1_167' title='bbox 982 2119 1044 2170; x_wconf 97' lang='grc' dir='ltr'>ΜΝ</span> <span class='ocrx_word' id='word_1_168' title='bbox 1097 2119 1171 2172; x_wconf 92' lang='lat' dir='ltr'>illum</span> <span class='ocrx_word' id='word_1_169' title='bbox 1185 2119 1278 2185; x_wconf 90' lang='lat' dir='ltr'>(illeZ,</span> <span class='ocrx_word' id='word_1_170' title='bbox 1297 2127 1323 2172; x_wconf 90' lang='lat' dir='ltr'>et</span> <span class='ocrx_word' id='word_1_171' title='bbox 1335 2120 1378 2171; x_wconf 90' lang='lat' dir='ltr'>ille</span> <span class='ocrx_word' id='word_1_172' title='bbox 1391 2117 1549 2187; x_wconf 78' lang='lat' dir='ltr'><strong><em>ODGLPQ)</em></strong></span> <span class='ocrx_word' id='word_1_173' title='bbox 1567 2121 1609 2172; x_wconf 90' lang='lat' dir='ltr'>uir</span> <span class='ocrx_word' id='word_1_174' title='bbox 1627 2127 1733 2172; x_wconf 85' lang='lat' dir='ltr'>sanctus</span> <span class='ocrx_word' id='word_1_175' title='bbox 1752 2118 1925 2184; x_wconf 78' lang='lat' dir='ltr'>(aitsanctus</span> 
     </span>
     <span class='ocr_line' id='line_1_18' title="bbox 267 2203 1925 2274; baseline -0.001 -18"><span class='ocrx_word' id='word_1_176' title='bbox 267 2221 405 2272; x_wconf 76' lang='lat' dir='ltr'>germanus</span> <span class='ocrx_word' id='word_1_177' title='bbox 417 2203 483 2269; x_wconf 79' lang='lat' dir='ltr'>De,</span> <span class='ocrx_word' id='word_1_178' title='bbox 506 2205 547 2255; x_wconf 89' lang='lat' dir='ltr'>uir</span> <span class='ocrx_word' id='word_1_179' title='bbox 571 2204 748 2257; x_wconf 88' lang='lat' dir='ltr'>sanctissimus</span> <span class='ocrx_word' id='word_1_180' title='bbox 770 2221 911 2270; x_wconf 82' lang='lat' dir='ltr'>germanus</span> <span class='ocrx_word' id='word_1_181' title='bbox 926 2204 1029 2269; x_wconf 81' lang='lat' dir='ltr'><strong><em>OLPQ)</em></strong></span> <span class='ocrx_word' id='word_1_182' title='bbox 1118 2205 1135 2258; x_wconf 84' lang='lat'><strong>3</strong></span> <span class='ocrx_word' id='word_1_183' title='bbox 1158 2213 1188 2258; x_wconf 91' lang='lat' dir='ltr'>ut</span> <span class='ocrx_word' id='word_1_184' title='bbox 1211 2203 1377 2274; x_wconf 85' lang='lat' dir='ltr'>praedicaret]</span> <span class='ocrx_word' id='word_1_185' title='bbox 1399 2207 1506 2259; x_wconf 89' lang='lat' dir='ltr'>audiens</span> <span class='ocrx_word' id='word_1_186' title='bbox 1527 2213 1614 2259; x_wconf 88' lang='lat' dir='ltr'>autem</span> <span class='ocrx_word' id='word_1_187' title='bbox 1633 2205 1742 2272; x_wconf 75' lang='grc' dir='ltr'>(ΙιιοΝ)</span> <span class='ocrx_word' id='word_1_188' title='bbox 1761 2207 1925 2257; x_wconf 80' lang='lat' dir='ltr'>aitsanctus</span> 
     </span>
     <span class='ocr_line' id='line_1_19' title="bbox 267 2289 1925 2361; baseline 0 -19"><span class='ocrx_word' id='word_1_189' title='bbox 267 2291 429 2357; x_wconf 90' lang='lat' dir='ltr'>iniquitatem</span> <span class='ocrx_word' id='word_1_190' title='bbox 447 2291 503 2342; x_wconf 91' lang='lat' dir='ltr'>eius</span> <span class='ocrx_word' id='word_1_191' title='bbox 521 2306 657 2358; x_wconf 91' lang='lat' dir='ltr'>properare</span> <span class='ocrx_word' id='word_1_192' title='bbox 676 2291 872 2358; x_wconf 84' lang='lat' dir='ltr'>(propalareN)</span> <span class='ocrx_word' id='word_1_193' title='bbox 890 2293 1016 2360; x_wconf 84' lang='lat' dir='ltr'>disposuit</span> <span class='ocrx_word' id='word_1_194' title='bbox 1033 2300 1063 2345; x_wconf 92' lang='grc' dir='ltr'>ιιι</span> <span class='ocrx_word' id='word_1_195' title='bbox 1077 2295 1196 2345; x_wconf 89' lang='lat' dir='ltr'>uisitaret</span> <span class='ocrx_word' id='word_1_196' title='bbox 1214 2293 1331 2360; x_wconf 88' lang='lat' dir='ltr'>iniquum</span> <span class='ocrx_word' id='word_1_197' title='bbox 1348 2309 1435 2361; x_wconf 82' lang='lat' dir='ltr'>rogem</span> <span class='ocrx_word' id='word_1_198' title='bbox 1453 2301 1479 2345; x_wconf 89' lang='lat' dir='ltr'>at</span> <span class='ocrx_word' id='word_1_199' title='bbox 1495 2311 1535 2361; x_wconf 89' lang='lat' dir='ltr'>pr.</span> <span class='ocrx_word' id='word_1_200' title='bbox 1546 2293 1609 2344; x_wconf 88' lang='grc' dir='ltr'>ΜΝ</span> <span class='ocrx_word' id='word_1_201' title='bbox 1696 2292 1714 2344; x_wconf 86' lang='grc'><strong>3</strong></span> <span class='ocrx_word' id='word_1_202' title='bbox 1731 2289 1778 2360; x_wconf 86' lang='lat' dir='ltr'>illi]</span> <span class='ocrx_word' id='word_1_203' title='bbox 1797 2292 1835 2344; x_wconf 90' lang='lat' dir='ltr'>illi</span> <span class='ocrx_word' id='word_1_204' title='bbox 1853 2291 1925 2343; x_wconf 88' lang='lat' dir='ltr'>uiam</span> 
     </span>
     <span class='ocr_line' id='line_1_20' title="bbox 267 2373 1923 2447; baseline -0.001 -18"><span class='ocrx_word' id='word_1_205' title='bbox 267 2377 360 2429; x_wconf 89' lang='lat' dir='ltr'>salutis</span> <span class='ocrx_word' id='word_1_206' title='bbox 374 2375 521 2440; x_wconf 77' lang='lat' dir='ltr'><strong><em>GDGLPQ</em></strong></span> <span class='ocrx_word' id='word_1_207' title='bbox 572 2373 610 2443; x_wconf 89' lang='lat' dir='ltr'>at]</span> <span class='ocrx_word' id='word_1_208' title='bbox 629 2385 654 2428; x_wconf 88' lang='lat' dir='ltr'>et</span> <span class='ocrx_word' id='word_1_209' title='bbox 667 2376 741 2427; x_wconf 81' lang='lat' dir='ltr'>LPZ</span> <span class='ocrx_word' id='word_1_210' title='bbox 823 2375 919 2430; x_wconf 75' lang='lat' dir='ltr'>lcum</span> <span class='ocrx_word' id='word_1_211' title='bbox 937 2397 985 2432; x_wconf 85' lang='lat' dir='ltr'>om.</span> <span class='ocrx_word' id='word_1_212' title='bbox 999 2380 1025 2430; x_wconf 92' lang='lat' dir='ltr'><em>Z</em></span> <span class='ocrx_word' id='word_1_213' title='bbox 1072 2379 1157 2447; x_wconf 88' lang='lat' dir='ltr'>homo]</span> <span class='ocrx_word' id='word_1_214' title='bbox 1176 2380 1312 2443; x_wconf 80' lang='lat' dir='ltr'>uirMNQ</span> <span class='ocrx_word' id='word_1_215' title='bbox 1364 2381 1479 2432; x_wconf 87' lang='lat' dir='ltr'>uenisset</span> <span class='ocrx_word' id='word_1_216' title='bbox 1495 2381 1580 2443; x_wconf 78' lang='lat' dir='ltr'>(uenis</span> <span class='ocrx_word' id='word_1_217' title='bbox 1594 2377 1630 2446; x_wconf 88' lang='grc' dir='ltr'>Ζ)</span> <span class='ocrx_word' id='word_1_218' title='bbox 1649 2380 1683 2431; x_wconf 82' lang='grc' dir='ltr'>ιιι</span> <span class='ocrx_word' id='word_1_219' title='bbox 1701 2379 1795 2432; x_wconf 89' lang='lat' dir='ltr'>ostium</span> <span class='ocrx_word' id='word_1_220' title='bbox 1814 2376 1923 2445; x_wconf 86' lang='lat' dir='ltr'>(portam</span> 
     </span>
     <span class='ocr_line' id='line_1_21' title="bbox 268 2461 1926 2534; baseline 0 -20"><span class='ocrx_word' id='word_1_221' title='bbox 268 2463 364 2528; x_wconf 77' lang='lat' dir='ltr'>D’OZ,</span> <span class='ocrx_word' id='word_1_222' title='bbox 383 2465 409 2514; x_wconf 92' lang='lat' dir='ltr'>id</span> <span class='ocrx_word' id='word_1_223' title='bbox 427 2471 466 2515; x_wconf 90' lang='lat' dir='ltr'>est</span> <span class='ocrx_word' id='word_1_224' title='bbox 482 2469 583 2530; x_wconf 87' lang='lat' dir='ltr'>portam</span> <span class='ocrx_word' id='word_1_225' title='bbox 601 2463 663 2513; x_wconf 73' lang='lat' dir='ltr'>aad.</span> <span class='ocrx_word' id='word_1_226' title='bbox 679 2461 734 2528; x_wconf 76' lang='lat' dir='ltr'>ot)</span> <span class='ocrx_word' id='word_1_227' title='bbox 752 2480 779 2514; x_wconf 88' lang='lat' dir='ltr'>u.</span> <span class='ocrx_word' id='word_1_228' title='bbox 797 2479 819 2515; x_wconf 90' lang='lat' dir='ltr'>c.</span> <span class='ocrx_word' id='word_1_229' title='bbox 844 2466 980 2517; x_wconf 86' lang='lat' dir='ltr'>comitibus</span> <span class='ocrx_word' id='word_1_230' title='bbox 1006 2464 1231 2529; x_wconf 85' lang='lat' dir='ltr'>(commitatatibns</span> <span class='ocrx_word' id='word_1_231' title='bbox 1243 2463 1279 2534; x_wconf 85' lang='lat' dir='ltr'>Z)</span> <span class='ocrx_word' id='word_1_232' title='bbox 1302 2467 1357 2518; x_wconf 90' lang='lat' dir='ltr'>suis</span> <span class='ocrx_word' id='word_1_233' title='bbox 1381 2468 1454 2519; x_wconf 89' lang='lat' dir='ltr'>uenit</span> <span class='ocrx_word' id='word_1_234' title='bbox 1477 2462 1616 2534; x_wconf 83' lang='lat' dir='ltr'>portarius]</span> <span class='ocrx_word' id='word_1_235' title='bbox 1635 2481 1694 2516; x_wconf 90' lang='lat' dir='ltr'>cum</span> <span class='ocrx_word' id='word_1_236' title='bbox 1717 2463 1854 2517; x_wconf 81' lang='lat' dir='ltr'>comitibus</span> <span class='ocrx_word' id='word_1_237' title='bbox 1872 2464 1926 2514; x_wconf 88' lang='lat' dir='ltr'>suis</span> 
     </span>
     <span class='ocr_line' id='line_1_22' title="bbox 268 2549 1928 2618; baseline -0.001 -16"><span class='ocrx_word' id='word_1_238' title='bbox 268 2551 382 2602; x_wconf 88' lang='lat' dir='ltr'>uenisset</span> <span class='ocrx_word' id='word_1_239' title='bbox 398 2551 431 2601; x_wconf 85' lang='lat' dir='ltr'>ad</span> <span class='ocrx_word' id='word_1_240' title='bbox 449 2558 548 2617; x_wconf 87' lang='lat' dir='ltr'>portam</span> <span class='ocrx_word' id='word_1_241' title='bbox 567 2549 639 2601; x_wconf 90' lang='lat' dir='ltr'>urbis</span> <span class='ocrx_word' id='word_1_242' title='bbox 657 2549 796 2602; x_wconf 82' lang='lat' dir='ltr'>hostiarius</span> <span class='ocrx_word' id='word_1_243' title='bbox 814 2551 929 2604; x_wconf 88' lang='lat' dir='ltr'>ciuitatis</span> <span class='ocrx_word' id='word_1_244' title='bbox 945 2553 1064 2604; x_wconf 88' lang='lat' dir='ltr'>obuiauit</span> <span class='ocrx_word' id='word_1_245' title='bbox 1076 2551 1139 2602; x_wconf 84' lang='lat' dir='ltr'>MN</span> <span class='ocrx_word' id='word_1_246' title='bbox 1211 2549 1272 2604; x_wconf 77' lang='lat' dir='ltr'>bet</span> <span class='ocrx_word' id='word_1_247' title='bbox 1290 2549 1356 2618; x_wconf 87' lang='lat' dir='ltr'>mia]</span> <span class='ocrx_word' id='word_1_248' title='bbox 1375 2553 1420 2618; x_wconf 92' lang='lat' dir='ltr'>qui</span> <span class='ocrx_word' id='word_1_249' title='bbox 1439 2553 1494 2603; x_wconf 80' lang='lat' dir='ltr'>mia</span> <span class='ocrx_word' id='word_1_250' title='bbox 1506 2550 1712 2614; x_wconf 70' lang='lat' dir='ltr'>coetaneo</span> <span class='ocrx_word' id='word_1_251' title='bbox 1763 2567 1822 2603; x_wconf 91' lang='lat' dir='ltr'>eum</span> <span class='ocrx_word' id='word_1_252' title='bbox 1841 2549 1928 2602; x_wconf 84' lang='lat' dir='ltr'>om.Z</span> 
     </span>
     <span class='ocr_line' id='line_1_23' title="bbox 269 2635 1925 2704; baseline -0.001 -16"><span class='ocrx_word' id='word_1_253' title='bbox 269 2635 284 2688; x_wconf 77' lang='lat' dir='ltr'>&#39;l</span> <span class='ocrx_word' id='word_1_254' title='bbox 303 2644 328 2689; x_wconf 90' lang='lat' dir='ltr'>et</span> <span class='ocrx_word' id='word_1_255' title='bbox 346 2654 391 2688; x_wconf 86' lang='lat' dir='ltr'>rex</span> <span class='ocrx_word' id='word_1_256' title='bbox 409 2637 433 2688; x_wconf 90' lang='lat' dir='ltr'>d.</span> <span class='ocrx_word' id='word_1_257' title='bbox 452 2653 471 2688; x_wconf 92' lang='lat' dir='ltr'>r.</span> <span class='ocrx_word' id='word_1_258' title='bbox 491 2637 513 2687; x_wconf 89' lang='lat' dir='ltr'>d.</span> <span class='ocrx_word' id='word_1_259' title='bbox 533 2637 584 2687; x_wconf 92' lang='lat' dir='ltr'>illis</span> <span class='ocrx_word' id='word_1_260' title='bbox 603 2636 652 2701; x_wconf 87' lang='lat' dir='ltr'>(eis</span> <span class='ocrx_word' id='word_1_261' title='bbox 665 2635 702 2697; x_wconf 89' lang='lat' dir='ltr'>Z)</span> <span class='ocrx_word' id='word_1_262' title='bbox 721 2642 747 2686; x_wconf 91' lang='lat' dir='ltr'>et</span> <span class='ocrx_word' id='word_1_263' title='bbox 765 2653 786 2688; x_wconf 89' lang='lat' dir='ltr'>c.</span> <span class='ocrx_word' id='word_1_264' title='bbox 800 2637 817 2688; x_wconf 95' lang='lat' dir='ltr'>i.</span> <span class='ocrx_word' id='word_1_265' title='bbox 830 2638 855 2688; x_wconf 88' lang='lat' dir='ltr'>d.</span> <span class='ocrx_word' id='word_1_266' title='bbox 867 2637 916 2702; x_wconf 90' lang='lat' dir='ltr'>(illi</span> <span class='ocrx_word' id='word_1_267' title='bbox 929 2638 976 2689; x_wconf 77' lang='lat' dir='ltr'>irre.</span> <span class='ocrx_word' id='word_1_268' title='bbox 989 2638 1023 2700; x_wconf 81' lang='lat' dir='ltr'>G)</span> <span class='ocrx_word' id='word_1_269' title='bbox 1036 2638 1059 2688; x_wconf 92' lang='lat' dir='ltr'>si</span> <span class='ocrx_word' id='word_1_270' title='bbox 1071 2637 1167 2689; x_wconf 80' lang='lat' dir='ltr'>inerint</span> <span class='ocrx_word' id='word_1_271' title='bbox 1178 2637 1267 2702; x_wconf 82' lang='lat' dir='ltr'>(luerit</span> <span class='ocrx_word' id='word_1_272' title='bbox 1278 2638 1316 2700; x_wconf 83' lang='grc' dir='ltr'>Ζ)</span> <span class='ocrx_word' id='word_1_273' title='bbox 1329 2639 1372 2690; x_wconf 88' lang='lat' dir='ltr'>uel</span> <span class='ocrx_word' id='word_1_274' title='bbox 1390 2639 1412 2690; x_wconf 89' lang='lat' dir='ltr'>si</span> <span class='ocrx_word' id='word_1_275' title='bbox 1430 2639 1570 2690; x_wconf 82' lang='lat' dir='ltr'>manserint</span> <span class='ocrx_word' id='word_1_276' title='bbox 1587 2638 1721 2701; x_wconf 89' lang='lat' dir='ltr'>(manserit</span> <span class='ocrx_word' id='word_1_277' title='bbox 1734 2637 1763 2699; x_wconf 90' lang='lat' dir='ltr'>Z,</span> <span class='ocrx_word' id='word_1_278' title='bbox 1782 2652 1925 2704; x_wconf 86' lang='lat' dir='ltr'>permanse-</span> 
     </span>
     <span class='ocr_line' id='line_1_24' title="bbox 268 2719 1926 2790; baseline -0.002 -15"><span class='ocrx_word' id='word_1_279' title='bbox 268 2725 320 2776; x_wconf 85' lang='lat' dir='ltr'>rint</span> <span class='ocrx_word' id='word_1_280' title='bbox 333 2723 380 2789; x_wconf 81' lang='lat'>0²)</span> <span class='ocrx_word' id='word_1_281' title='bbox 404 2739 487 2788; x_wconf 88' lang='lat' dir='ltr'>usqae</span> <span class='ocrx_word' id='word_1_282' title='bbox 510 2720 570 2788; x_wconf 85' lang='lat' dir='ltr'>(om.</span> <span class='ocrx_word' id='word_1_283' title='bbox 584 2723 619 2786; x_wconf 88' lang='lat' dir='ltr'>Z)</span> <span class='ocrx_word' id='word_1_284' title='bbox 644 2723 676 2774; x_wconf 92' lang='lat' dir='ltr'>ad</span> <span class='ocrx_word' id='word_1_285' title='bbox 698 2731 776 2790; x_wconf 83' lang='lat' dir='ltr'>caput</span> <span class='ocrx_word' id='word_1_286' title='bbox 794 2723 924 2788; x_wconf 89' lang='lat' dir='ltr'>(tinemZ,</span> <span class='ocrx_word' id='word_1_287' title='bbox 943 2725 985 2776; x_wconf 93' lang='lat' dir='ltr'>uel</span> <span class='ocrx_word' id='word_1_288' title='bbox 1003 2725 1080 2775; x_wconf 88' lang='lat' dir='ltr'>linem</span> <span class='ocrx_word' id='word_1_289' title='bbox 1102 2739 1184 2788; x_wconf 81' lang='lat' dir='ltr'>supra</span> <span class='ocrx_word' id='word_1_290' title='bbox 1203 2741 1225 2775; x_wconf 89' lang='lat' dir='ltr'>o.</span> <span class='ocrx_word' id='word_1_291' title='bbox 1247 2722 1315 2788; x_wconf 70' lang='lat'>012²,</span> <span class='ocrx_word' id='word_1_292' title='bbox 1337 2725 1416 2776; x_wconf 86' lang='lat' dir='ltr'>finem</span> <span class='ocrx_word' id='word_1_293' title='bbox 1437 2725 1466 2775; x_wconf 82' lang='lat' dir='ltr'>ia</span> <span class='ocrx_word' id='word_1_294' title='bbox 1488 2732 1556 2776; x_wconf 67' lang='lat' dir='ltr'>mm</span> <span class='ocrx_word' id='word_1_295' title='bbox 1569 2724 1604 2789; x_wconf 77' lang='lat' dir='ltr'>G)</span> <span class='ocrx_word' id='word_1_296' title='bbox 1628 2726 1689 2776; x_wconf 89' lang='lat' dir='ltr'>anni</span> <span class='ocrx_word' id='word_1_297' title='bbox 1707 2723 1745 2789; x_wconf 89' lang='lat' dir='ltr'>(in</span> <span class='ocrx_word' id='word_1_298' title='bbox 1765 2724 1847 2775; x_wconf 72' lang='lat' dir='ltr'>hoedo</span> <span class='ocrx_word' id='word_1_299' title='bbox 1868 2719 1926 2789; x_wconf 84' lang='grc' dir='ltr'>[ιίιι.</span> 
     </span>
     <span class='ocr_line' id='line_1_25' title="bbox 268 2807 1926 2878; baseline -0.001 -16"><span class='ocrx_word' id='word_1_300' title='bbox 268 2818 357 2878; x_wconf 85' lang='lat' dir='ltr'>portae</span> <span class='ocrx_word' id='word_1_301' title='bbox 371 2808 463 2875; x_wconf 73' lang='grc' dir='ltr'>ΟΜ,</span> <span class='ocrx_word' id='word_1_302' title='bbox 481 2811 561 2876; x_wconf 88' lang='lat' dir='ltr'>portis</span> <span class='ocrx_word' id='word_1_303' title='bbox 576 2807 608 2876; x_wconf 79' lang='lat' dir='ltr'>G]</span> <span class='ocrx_word' id='word_1_304' title='bbox 628 2825 684 2862; x_wconf 90' lang='lat' dir='ltr'>mee</span> <span class='ocrx_word' id='word_1_305' title='bbox 707 2811 774 2861; x_wconf 89' lang='lat' dir='ltr'>arcis</span> <span class='ocrx_word' id='word_1_306' title='bbox 794 2811 856 2861; x_wconf 82' lang='lat' dir='ltr'>add.</span> <span class='ocrx_word' id='word_1_307' title='bbox 879 2809 1000 2875; x_wconf 73' lang='lat' dir='ltr'>efflet)</span> <span class='ocrx_word' id='word_1_308' title='bbox 1024 2827 1076 2862; x_wconf 94' lang='lat' dir='ltr'>non</span> <span class='ocrx_word' id='word_1_309' title='bbox 1099 2811 1205 2862; x_wconf 89' lang='lat' dir='ltr'>uenient</span> <span class='ocrx_word' id='word_1_310' title='bbox 1227 2826 1342 2877; x_wconf 87' lang='lat' dir='ltr'>unquam</span> <span class='ocrx_word' id='word_1_311' title='bbox 1367 2811 1482 2878; x_wconf 83' lang='lat' dir='ltr'>(inquam</span> <span class='ocrx_word' id='word_1_312' title='bbox 1498 2809 1530 2878; x_wconf 82' lang='lat' dir='ltr'>Q)</span> <span class='ocrx_word' id='word_1_313' title='bbox 1557 2812 1584 2862; x_wconf 90' lang='lat' dir='ltr'>in</span> <span class='ocrx_word' id='word_1_314' title='bbox 1608 2813 1690 2863; x_wconf 90' lang='lat' dir='ltr'>medio</span> <span class='ocrx_word' id='word_1_315' title='bbox 1708 2811 1779 2863; x_wconf 91' lang='lat' dir='ltr'>urbis</span> <span class='ocrx_word' id='word_1_316' title='bbox 1799 2825 1870 2861; x_wconf 88' lang='lat' dir='ltr'>meae</span> <span class='ocrx_word' id='word_1_317' title='bbox 1888 2809 1926 2874; x_wconf 88' lang='lat' dir='ltr'>(iu</span> 
     </span>
     <span class='ocr_line' id='line_1_26' title="bbox 269 2892 1926 2965; baseline -0.002 -17"><span class='ocrx_word' id='word_1_318' title='bbox 269 2898 360 2949; x_wconf 90' lang='lat' dir='ltr'>urbem</span> <span class='ocrx_word' id='word_1_319' title='bbox 377 2898 453 2948; x_wconf 88' lang='lat' dir='ltr'>istam</span> <span class='ocrx_word' id='word_1_320' title='bbox 466 2892 514 2962; x_wconf 84' lang='lat' dir='ltr'>Z)]</span> <span class='ocrx_word' id='word_1_321' title='bbox 533 2911 579 2946; x_wconf 88' lang='lat' dir='ltr'>rex</span> <span class='ocrx_word' id='word_1_322' title='bbox 596 2903 682 2947; x_wconf 87' lang='lat' dir='ltr'>antam</span> <span class='ocrx_word' id='word_1_323' title='bbox 700 2897 805 2963; x_wconf 91' lang='lat' dir='ltr'>iniquus</span> <span class='ocrx_word' id='word_1_324' title='bbox 824 2897 887 2948; x_wconf 91' lang='lat' dir='ltr'>dure</span> <span class='ocrx_word' id='word_1_325' title='bbox 905 2898 1061 2964; x_wconf 89' lang='lat' dir='ltr'>respondens</span> <span class='ocrx_word' id='word_1_326' title='bbox 1079 2897 1115 2948; x_wconf 86' lang='lat' dir='ltr'>ait</span> <span class='ocrx_word' id='word_1_327' title='bbox 1132 2913 1191 2949; x_wconf 88' lang='lat' dir='ltr'>eum</span> <span class='ocrx_word' id='word_1_328' title='bbox 1209 2898 1354 2949; x_wconf 90' lang='lat' dir='ltr'>iuramento</span> <span class='ocrx_word' id='word_1_329' title='bbox 1372 2898 1448 2950; x_wconf 90' lang='lat' dir='ltr'>etiam</span> <span class='ocrx_word' id='word_1_330' title='bbox 1466 2899 1488 2948; x_wconf 91' lang='lat' dir='ltr'>si</span> <span class='ocrx_word' id='word_1_331' title='bbox 1506 2915 1551 2965; x_wconf 92' lang='lat' dir='ltr'>per</span> <span class='ocrx_word' id='word_1_332' title='bbox 1567 2897 1642 2949; x_wconf 91' lang='lat' dir='ltr'>istius</span> <span class='ocrx_word' id='word_1_333' title='bbox 1660 2898 1721 2948; x_wconf 88' lang='lat' dir='ltr'>anni</span> <span class='ocrx_word' id='word_1_334' title='bbox 1739 2893 1811 2964; x_wconf 89' lang='lat' dir='ltr'>(anui</span> <span class='ocrx_word' id='word_1_335' title='bbox 1829 2897 1869 2948; x_wconf 88' lang='lat' dir='ltr'>ist.</span> <span class='ocrx_word' id='word_1_336' title='bbox 1884 2893 1916 2944; x_wconf 87' lang='lat' dir='ltr'><em>N</em></span> <span class='ocrx_word' id='word_1_337' title='bbox 1917 2893 1926 2957; x_wconf 89' lang='lat'><strong>)</strong></span> 
     </span>
     <span class='ocr_line' id='line_1_27' title="bbox 268 2980 1927 3051; baseline -0.002 -15"><span class='ocrx_word' id='word_1_338' title='bbox 268 2985 379 3051; x_wconf 88' lang='lat' dir='ltr'>epatium</span> <span class='ocrx_word' id='word_1_339' title='bbox 396 2989 565 3050; x_wconf 86' lang='lat' dir='ltr'>permaneant</span> <span class='ocrx_word' id='word_1_340' title='bbox 582 2982 657 3033; x_wconf 86' lang='lat' dir='ltr'>iuxta</span> <span class='ocrx_word' id='word_1_341' title='bbox 674 2991 773 3049; x_wconf 88' lang='lat' dir='ltr'>portam</span> <span class='ocrx_word' id='word_1_342' title='bbox 785 2983 898 3034; x_wconf 89' lang='lat' dir='ltr'>ciuitatis</span> <span class='ocrx_word' id='word_1_343' title='bbox 916 2999 988 3035; x_wconf 88' lang='lat' dir='ltr'>meae</span> <span class='ocrx_word' id='word_1_344' title='bbox 1005 2984 1072 3036; x_wconf 87' lang='lat' dir='ltr'>intro</span> <span class='ocrx_word' id='word_1_345' title='bbox 1091 2985 1172 3048; x_wconf 78' lang='lat' dir='ltr'>(intra</span> <span class='ocrx_word' id='word_1_346' title='bbox 1180 2983 1222 3046; x_wconf 86' lang='lat' dir='ltr'>N)</span> <span class='ocrx_word' id='word_1_347' title='bbox 1241 3001 1293 3036; x_wconf 87' lang='lat' dir='ltr'>noa</span> <span class='ocrx_word' id='word_1_348' title='bbox 1310 2986 1444 3036; x_wconf 88' lang='lat' dir='ltr'>inueniant</span> <span class='ocrx_word' id='word_1_349' title='bbox 1462 2983 1579 3051; x_wconf 88' lang='lat' dir='ltr'>(uenient</span> <span class='ocrx_word' id='word_1_350' title='bbox 1589 2983 1620 3034; x_wconf 90' lang='lat' dir='ltr'><em>N</em></span> <span class='ocrx_word' id='word_1_351' title='bbox 1628 2982 1648 3050; x_wconf 80' lang='lat'>²)</span> <span class='ocrx_word' id='word_1_352' title='bbox 1662 2983 1723 3034; x_wconf 85' lang='lat' dir='ltr'>MN</span> <span class='ocrx_word' id='word_1_353' title='bbox 1814 2980 1848 3034; x_wconf 93' lang='lat'>10</span> <span class='ocrx_word' id='word_1_354' title='bbox 1865 2984 1927 3032; x_wconf 87' lang='lat' dir='ltr'>dum</span> 
     </span>
     <span class='ocr_line' id='line_1_28' title="bbox 270 3067 1925 3139; baseline -0.001 -18"><span class='ocrx_word' id='word_1_355' title='bbox 270 3072 308 3134; x_wconf 87' lang='lat' dir='ltr'>(et</span> <span class='ocrx_word' id='word_1_356' title='bbox 329 3070 390 3121; x_wconf 90' lang='lat' dir='ltr'>darn</span> <span class='ocrx_word' id='word_1_357' title='bbox 403 3069 440 3134; x_wconf 87' lang='lat' dir='ltr'>Z)</span> <span class='ocrx_word' id='word_1_358' title='bbox 459 3069 508 3136; x_wconf 90' lang='lat' dir='ltr'>ipsi</span> <span class='ocrx_word' id='word_1_359' title='bbox 526 3077 691 3135; x_wconf 73' lang='lat' dir='ltr'>expectarent</span> <span class='ocrx_word' id='word_1_360' title='bbox 709 3070 856 3136; x_wconf 86' lang='lat' dir='ltr'>(expectant</span> <span class='ocrx_word' id='word_1_361' title='bbox 871 3069 972 3136; x_wconf 70' lang='lat' dir='ltr'>otro,</span> <span class='ocrx_word' id='word_1_362' title='bbox 989 3071 1161 3138; x_wconf 74' lang='lat' dir='ltr'>expectabant</span> <span class='ocrx_word' id='word_1_363' title='bbox 1172 3070 1236 3135; x_wconf 83' lang='lat' dir='ltr'>De)</span> <span class='ocrx_word' id='word_1_364' title='bbox 1256 3072 1415 3123; x_wconf 89' lang='lat' dir='ltr'>ianuatorem</span> <span class='ocrx_word' id='word_1_365' title='bbox 1427 3070 1474 3139; x_wconf 84' lang='lat' dir='ltr'>(H</span> <span class='ocrx_word' id='word_1_366' title='bbox 1476 3069 1544 3134; x_wconf 79' lang='grc' dir='ltr'>ιΝΖ,</span> <span class='ocrx_word' id='word_1_367' title='bbox 1561 3072 1696 3123; x_wconf 89' lang='lat' dir='ltr'>ianitorem</span> <span class='ocrx_word' id='word_1_368' title='bbox 1711 3067 1925 3133; x_wconf 67' lang='lat' dir='ltr'>coemo),</span> 
     </span>
     <span class='ocr_line' id='line_1_29' title="bbox 269 3153 1924 3226; baseline -0.001 -18"><span class='ocrx_word' id='word_1_369' title='bbox 269 3163 299 3208; x_wconf 90' lang='grc' dir='ltr'>ιιι</span> <span class='ocrx_word' id='word_1_370' title='bbox 308 3157 440 3208; x_wconf 85' lang='lat' dir='ltr'>nuntiaret</span> <span class='ocrx_word' id='word_1_371' title='bbox 458 3153 632 3220; x_wconf 86' lang='lat' dir='ltr'>(renunciaret</span> <span class='ocrx_word' id='word_1_372' title='bbox 647 3154 805 3220; x_wconf 79' lang='lat' dir='ltr'><em>ODGLPQ&gt;</em></span> <span class='ocrx_word' id='word_1_373' title='bbox 823 3157 874 3208; x_wconf 89' lang='lat' dir='ltr'>illie</span> <span class='ocrx_word' id='word_1_374' title='bbox 892 3173 1034 3209; x_wconf 89' lang='lat' dir='ltr'>sermonem</span> <span class='ocrx_word' id='word_1_375' title='bbox 1045 3155 1207 3224; x_wconf 87' lang='lat' dir='ltr'>(responsum</span> <span class='ocrx_word' id='word_1_376' title='bbox 1220 3157 1257 3224; x_wconf 89' lang='lat' dir='ltr'>Z)</span> <span class='ocrx_word' id='word_1_377' title='bbox 1271 3156 1382 3225; x_wconf 82' lang='lat' dir='ltr'>tyranni]</span> <span class='ocrx_word' id='word_1_378' title='bbox 1396 3159 1447 3209; x_wconf 90' lang='lat' dir='ltr'>illis</span> <span class='ocrx_word' id='word_1_379' title='bbox 1460 3165 1547 3210; x_wconf 87' lang='lat' dir='ltr'>autam</span> <span class='ocrx_word' id='word_1_380' title='bbox 1559 3175 1710 3226; x_wconf 88' lang='lat' dir='ltr'>responsum</span> <span class='ocrx_word' id='word_1_381' title='bbox 1724 3157 1924 3224; x_wconf 84' lang='lat' dir='ltr'>expectantibus</span> 
     </span>
     <span class='ocr_line' id='line_1_30' title="bbox 269 3241 1926 3310; baseline -0.001 -17"><span class='ocrx_word' id='word_1_382' title='bbox 269 3242 333 3293; x_wconf 88' lang='grc' dir='ltr'>ΜΝ</span> <span class='ocrx_word' id='word_1_383' title='bbox 431 3241 464 3293; x_wconf 79' lang='lat'>12</span> <span class='ocrx_word' id='word_1_384' title='bbox 488 3242 553 3306; x_wconf 89' lang='lat' dir='ltr'>dies]</span> <span class='ocrx_word' id='word_1_385' title='bbox 574 3241 692 3307; x_wconf 84' lang='lat' dir='ltr'>HKNZ,</span> <span class='ocrx_word' id='word_1_386' title='bbox 719 3241 794 3294; x_wconf 77' lang='lat' dir='ltr'>soto</span> <span class='ocrx_word' id='word_1_387' title='bbox 813 3241 955 3310; x_wconf 60' lang='lat' dir='ltr'>(mmmm.</span> <span class='ocrx_word' id='word_1_388' title='bbox 983 3243 1025 3296; x_wconf 87' lang='lat' dir='ltr'>uel</span> <span class='ocrx_word' id='word_1_389' title='bbox 1051 3244 1116 3309; x_wconf 72' lang='lat' dir='ltr'>dies]</span> <span class='ocrx_word' id='word_1_390' title='bbox 1135 3244 1276 3309; x_wconf 79' lang='lat' dir='ltr'>DeLPQ,</span> <span class='ocrx_word' id='word_1_391' title='bbox 1302 3262 1349 3296; x_wconf 85' lang='lat' dir='ltr'>om.</span> <span class='ocrx_word' id='word_1_392' title='bbox 1369 3244 1401 3294; x_wconf 87' lang='grc' dir='ltr'><em>Μ</em></span> <span class='ocrx_word' id='word_1_393' title='bbox 1487 3245 1632 3297; x_wconf 87' lang='lat' dir='ltr'>daciluabat</span> <span class='ocrx_word' id='word_1_394' title='bbox 1651 3243 1686 3304; x_wconf 84' lang='lat' dir='ltr'>Z,</span> <span class='ocrx_word' id='word_1_395' title='bbox 1714 3243 1855 3295; x_wconf 87' lang='lat' dir='ltr'>declinsuit</span> <span class='ocrx_word' id='word_1_396' title='bbox 1868 3241 1926 3292; x_wconf 89' lang='grc' dir='ltr'>ΜΝ</span> 
     </span>
     <span class='ocr_line' id='line_1_31' title="bbox 271 3325 1927 3398; baseline 0 -18"><span class='ocrx_word' id='word_1_397' title='bbox 271 3328 305 3382; x_wconf 84' lang='grc'>13</span> <span class='ocrx_word' id='word_1_398' title='bbox 322 3325 471 3397; x_wconf 90' lang='lat' dir='ltr'>uesperum]</span> <span class='ocrx_word' id='word_1_399' title='bbox 491 3337 591 3382; x_wconf 91' lang='lat' dir='ltr'>noctem</span> <span class='ocrx_word' id='word_1_400' title='bbox 604 3329 630 3379; x_wconf 88' lang='grc' dir='ltr'><em>Ζ</em></span> <span class='ocrx_word' id='word_1_401' title='bbox 719 3337 745 3380; x_wconf 90' lang='lat' dir='ltr'>et</span> <span class='ocrx_word' id='word_1_402' title='bbox 761 3345 830 3382; x_wconf 79' lang='lat' dir='ltr'>nasa</span> <span class='ocrx_word' id='word_1_403' title='bbox 853 3345 907 3395; x_wconf 90' lang='lat' dir='ltr'>quo</span> <span class='ocrx_word' id='word_1_404' title='bbox 924 3327 999 3398; x_wconf 87' lang='lat' dir='ltr'>irent]</span> <span class='ocrx_word' id='word_1_405' title='bbox 1018 3341 1045 3383; x_wconf 87' lang='lat' dir='ltr'>at</span> <span class='ocrx_word' id='word_1_406' title='bbox 1066 3332 1196 3383; x_wconf 87' lang='lat' dir='ltr'>nescirent</span> <span class='ocrx_word' id='word_1_407' title='bbox 1217 3331 1286 3396; x_wconf 91' lang='lat' dir='ltr'>quod</span> <span class='ocrx_word' id='word_1_408' title='bbox 1303 3331 1463 3383; x_wconf 87' lang='lat' dir='ltr'>declinarent</span> <span class='ocrx_word' id='word_1_409' title='bbox 1475 3331 1509 3396; x_wconf 89' lang='lat' dir='ltr'>Z,</span> <span class='ocrx_word' id='word_1_410' title='bbox 1528 3349 1554 3398; x_wconf 90' lang='lat' dir='ltr'>q.</span> <span class='ocrx_word' id='word_1_411' title='bbox 1573 3332 1589 3383; x_wconf 95' lang='lat' dir='ltr'>i.</span> <span class='ocrx_word' id='word_1_412' title='bbox 1608 3331 1758 3383; x_wconf 80' lang='lat' dir='ltr'>nesciebant</span> <span class='ocrx_word' id='word_1_413' title='bbox 1771 3327 1927 3393; x_wconf 73' lang='lat' dir='ltr'>ODGLPQ,</span> 
     </span>
     <span class='ocr_line' id='line_1_32' title="bbox 270 3415 625 3484; baseline -0.006 -16"><span class='ocrx_word' id='word_1_414' title='bbox 270 3418 470 3484; x_wconf 80' lang='lat' dir='ltr'>nesciebantque</span> <span class='ocrx_word' id='word_1_415' title='bbox 487 3433 513 3482; x_wconf 87' lang='lat' dir='ltr'>q.</span> <span class='ocrx_word' id='word_1_416' title='bbox 531 3418 551 3468; x_wconf 92' lang='lat' dir='ltr'>i.</span> <span class='ocrx_word' id='word_1_417' title='bbox 563 3415 625 3466; x_wconf 87' lang='grc' dir='ltr'>ΜΝ</span> 
     </span>
    </p>
   </div>
   <div class='ocr_carea' id='block_1_9' title="bbox 270 3555 1933 5532">
    <p class='ocr_par' dir='ltr' id='par_1_10' title="bbox 270 3555 1933 5532">
     <span class='ocr_line' id='line_1_33' title="bbox 270 3555 1929 3625; baseline -0.001 -17"><span class='ocrx_word' id='word_1_418' title='bbox 270 3557 386 3608; x_wconf 89' lang='lat' dir='ltr'>cominus</span> <span class='ocrx_word' id='word_1_419' title='bbox 404 3563 461 3606; x_wconf 90' lang='lat' dir='ltr'>orat</span> <span class='ocrx_word' id='word_1_420' title='bbox 479 3555 623 3618; x_wconf 88' lang='lat' dir='ltr'>humiliter,</span> <span class='ocrx_word' id='word_1_421' title='bbox 646 3564 676 3607; x_wconf 91' lang='lat' dir='ltr'>ut</span> <span class='ocrx_word' id='word_1_422' title='bbox 698 3557 757 3623; x_wconf 89' lang='lat' dir='ltr'>quis</span> <span class='ocrx_word' id='word_1_423' title='bbox 779 3563 847 3608; x_wconf 86' lang='lat' dir='ltr'>esset</span> <span class='ocrx_word' id='word_1_424' title='bbox 864 3572 950 3622; x_wconf 85' lang='lat' dir='ltr'>qnare</span> <span class='ocrx_word' id='word_1_425' title='bbox 974 3573 1008 3608; x_wconf 90' lang='lat' dir='ltr'>ax</span> <span class='ocrx_word' id='word_1_426' title='bbox 1029 3573 1108 3609; x_wconf 89' lang='lat' dir='ltr'>causa</span> <span class='ocrx_word' id='word_1_427' title='bbox 1129 3558 1196 3609; x_wconf 88' lang='lat' dir='ltr'>inter</span> <span class='ocrx_word' id='word_1_428' title='bbox 1214 3558 1315 3625; x_wconf 78' lang='lat' dir='ltr'>sigorae</span> <span class='ocrx_word' id='word_1_429' title='bbox 1339 3557 1432 3608; x_wconf 89' lang='lat' dir='ltr'>nimios</span> <span class='ocrx_word' id='word_1_430' title='bbox 1450 3557 1503 3608; x_wconf 88' lang='lat' dir='ltr'>illic</span> <span class='ocrx_word' id='word_1_431' title='bbox 1521 3562 1664 3608; x_wconf 86' lang='lat' dir='ltr'>moraretur</span> <span class='ocrx_word' id='word_1_432' title='bbox 1681 3555 1799 3620; x_wconf 88' lang='lat' dir='ltr'>ediceret,</span> <span class='ocrx_word' id='word_1_433' title='bbox 1818 3571 1929 3621; x_wconf 90' lang='lat' dir='ltr'>cumque</span> 
     </span>
     <span class='ocr_line' id='line_1_34' title="bbox 270 3641 1928 3711; baseline -0.001 -18"><span class='ocrx_word' id='word_1_434' title='bbox 270 3641 336 3693; x_wconf 89' lang='lat' dir='ltr'>nihil</span> <span class='ocrx_word' id='word_1_435' title='bbox 353 3643 516 3694; x_wconf 84' lang='lat' dir='ltr'>certitudinis</span> <span class='ocrx_word' id='word_1_436' title='bbox 534 3659 567 3694; x_wconf 88' lang='lat' dir='ltr'>ax</span> <span class='ocrx_word' id='word_1_437' title='bbox 583 3659 706 3710; x_wconf 89' lang='lat' dir='ltr'>responso</span> <span class='ocrx_word' id='word_1_438' title='bbox 723 3643 892 3709; x_wconf 82' lang='lat' dir='ltr'>percepisset,</span> <span class='ocrx_word' id='word_1_439' title='bbox 910 3659 1036 3710; x_wconf 89' lang='lat' dir='ltr'>personae</span> <span class='ocrx_word' id='word_1_440' title='bbox 1054 3644 1180 3711; x_wconf 79' lang='lat' dir='ltr'>dignitate</span> <span class='ocrx_word' id='word_1_441' title='bbox 1198 3651 1343 3710; x_wconf 85' lang='lat' dir='ltr'>permotus:</span> <span class='ocrx_word' id='word_1_442' title='bbox 1368 3661 1425 3708; x_wconf 91' lang='lat' dir='ltr'>oro,</span> <span class='ocrx_word' id='word_1_443' title='bbox 1443 3645 1491 3707; x_wconf 88' lang='lat' dir='ltr'>ait,</span> <span class='ocrx_word' id='word_1_444' title='bbox 1508 3643 1627 3708; x_wconf 87' lang='lat' dir='ltr'>quisquis</span> <span class='ocrx_word' id='word_1_445' title='bbox 1645 3658 1672 3693; x_wconf 86' lang='lat' dir='ltr'>es</span> <span class='ocrx_word' id='word_1_446' title='bbox 1690 3642 1805 3706; x_wconf 90' lang='lat' dir='ltr'>domino,</span> <span class='ocrx_word' id='word_1_447' title='bbox 1823 3648 1855 3692; x_wconf 89' lang='lat' dir='ltr'>ut</span> <span class='ocrx_word' id='word_1_448' title='bbox 1871 3655 1928 3707; x_wconf 87' lang='lat' dir='ltr'>par-</span> 
     </span>
     <span class='ocr_line' id='line_1_35' title="bbox 270 3727 1928 3798; baseline -0.002 -17"><span class='ocrx_word' id='word_1_449' title='bbox 270 3745 315 3781; x_wconf 82' lang='lat' dir='ltr'>cas</span> <span class='ocrx_word' id='word_1_450' title='bbox 332 3730 432 3797; x_wconf 88' lang='lat' dir='ltr'>corpori</span> <span class='ocrx_word' id='word_1_451' title='bbox 454 3731 574 3794; x_wconf 83' lang='lat' dir='ltr'>servique</span> <span class='ocrx_word' id='word_1_452' title='bbox 596 3730 635 3781; x_wconf 91' lang='lat' dir='ltr'>tui</span> <span class='ocrx_word' id='word_1_453' title='bbox 659 3729 796 3782; x_wconf 83' lang='lat' dir='ltr'>succedere</span> <span class='ocrx_word' id='word_1_454' title='bbox 819 3729 931 3796; x_wconf 83' lang='lat' dir='ltr'>dignaris</span> <span class='ocrx_word' id='word_1_455' title='bbox 956 3731 1065 3797; x_wconf 90' lang='lat' dir='ltr'>hospitio</span> <span class='ocrx_word' id='word_1_456' title='bbox 1089 3747 1120 3782; x_wconf 89' lang='lat' dir='ltr'>ac</span> <span class='ocrx_word' id='word_1_457' title='bbox 1144 3732 1261 3795; x_wconf 90' lang='lat' dir='ltr'>demum,</span> <span class='ocrx_word' id='word_1_458' title='bbox 1285 3731 1308 3782; x_wconf 89' lang='lat' dir='ltr'>si</span> <span class='ocrx_word' id='word_1_459' title='bbox 1329 3746 1383 3796; x_wconf 89' lang='lat' dir='ltr'>qua</span> <span class='ocrx_word' id='word_1_460' title='bbox 1409 3730 1554 3798; x_wconf 87' lang='lat' dir='ltr'>paupertati</span> <span class='ocrx_word' id='word_1_461' title='bbox 1577 3745 1648 3781; x_wconf 89' lang='lat' dir='ltr'>meae</span> <span class='ocrx_word' id='word_1_462' title='bbox 1672 3736 1813 3796; x_wconf 89' lang='lat' dir='ltr'>suppetunt</span> <span class='ocrx_word' id='word_1_463' title='bbox 1834 3727 1928 3791; x_wconf 84' lang='lat' dir='ltr'>officia,</span> 
     </span>
     <span class='ocr_line' id='line_1_36' title="bbox 271 3815 1928 3884; baseline -0.001 -16"><span class='ocrx_word' id='word_1_464' title='bbox 271 3825 412 3884; x_wconf 90' lang='lat' dir='ltr'>receptare:</span> <span class='ocrx_word' id='word_1_465' title='bbox 431 3833 483 3868; x_wconf 87' lang='lat' dir='ltr'>non</span> <span class='ocrx_word' id='word_1_466' title='bbox 501 3833 591 3884; x_wconf 89' lang='lat' dir='ltr'>parum</span> <span class='ocrx_word' id='word_1_467' title='bbox 610 3817 679 3868; x_wconf 91' lang='lat' dir='ltr'>enim</span> <span class='ocrx_word' id='word_1_468' title='bbox 696 3817 820 3868; x_wconf 87' lang='lat' dir='ltr'>interesse</span> <span class='ocrx_word' id='word_1_469' title='bbox 837 3817 912 3868; x_wconf 78' lang='lat' dir='ltr'>video</span> <span class='ocrx_word' id='word_1_470' title='bbox 930 3817 1087 3869; x_wconf 90' lang='lat' dir='ltr'>imminentis</span> <span class='ocrx_word' id='word_1_471' title='bbox 1106 3819 1188 3870; x_wconf 84' lang='lat' dir='ltr'>noctis</span> <span class='ocrx_word' id='word_1_472' title='bbox 1205 3820 1341 3884; x_wconf 78' lang='lat' dir='ltr'>angustias</span> <span class='ocrx_word' id='word_1_473' title='bbox 1359 3818 1550 3883; x_wconf 89' lang='lat' dir='ltr'>quantumlibet</span> <span class='ocrx_word' id='word_1_474' title='bbox 1568 3817 1613 3868; x_wconf 84' lang='lat' dir='ltr'>vili</span> <span class='ocrx_word' id='word_1_475' title='bbox 1631 3815 1759 3868; x_wconf 91' lang='lat' dir='ltr'>domicilio</span> <span class='ocrx_word' id='word_1_476' title='bbox 1777 3822 1928 3881; x_wconf 88' lang='lat' dir='ltr'>temperare.</span> 
     </span>
     <span class='ocr_line' id='line_1_37' title="bbox 271 3901 1929 3972; baseline -0.001 -18"><span class='ocrx_word' id='word_1_477' title='bbox 271 3920 323 3955; x_wconf 92' lang='lat' dir='ltr'>non</span> <span class='ocrx_word' id='word_1_478' title='bbox 345 3910 496 3971; x_wconf 79' lang='lat' dir='ltr'>aspamams</span> <span class='ocrx_word' id='word_1_479' title='bbox 520 3917 646 3971; x_wconf 89' lang='lat' dir='ltr'>personae</span> <span class='ocrx_word' id='word_1_480' title='bbox 663 3903 812 3969; x_wconf 80' lang='lat' dir='ltr'>qualitatem</span> <span class='ocrx_word' id='word_1_481' title='bbox 836 3904 960 3954; x_wconf 87' lang='lat' dir='ltr'>successit</span> <span class='ocrx_word' id='word_1_482' title='bbox 983 3904 1094 3971; x_wconf 90' lang='lat' dir='ltr'>hospitio</span> <span class='ocrx_word' id='word_1_483' title='bbox 1112 3913 1222 3969; x_wconf 85' lang='lat' dir='ltr'>atquae</span> <span class='ocrx_word' id='word_1_484' title='bbox 1240 3905 1290 3956; x_wconf 86' lang='lat' dir='ltr'>sibi</span> <span class='ocrx_word' id='word_1_485' title='bbox 1308 3922 1324 3955; x_wconf 90' lang='lat' dir='ltr'>a</span> <span class='ocrx_word' id='word_1_486' title='bbox 1341 3921 1452 3972; x_wconf 90' lang='lat' dir='ltr'>paupere</span> <span class='ocrx_word' id='word_1_487' title='bbox 1470 3905 1686 3970; x_wconf 86' lang='lat' dir='ltr'>impendebantur</span> <span class='ocrx_word' id='word_1_488' title='bbox 1703 3902 1827 3968; x_wconf 88' lang='lat' dir='ltr'>obsequia</span> <span class='ocrx_word' id='word_1_489' title='bbox 1845 3901 1929 3952; x_wconf 89' lang='lat' dir='ltr'>libens</span> 
     </span>
     <span class='ocr_line' id='line_1_38' title="bbox 272 3989 1929 4059; baseline -0.002 -17"><span class='ocrx_word' id='word_1_490' title='bbox 272 3992 381 4057; x_wconf 87' lang='lat' dir='ltr'>excepit.</span> <span class='ocrx_word' id='word_1_491' title='bbox 416 3999 471 4041; x_wconf 90' lang='lat' dir='ltr'>erat</span> <span class='ocrx_word' id='word_1_492' title='bbox 494 3990 532 4041; x_wconf 95' lang='lat' dir='ltr'>illi</span> <span class='ocrx_word' id='word_1_493' title='bbox 556 3991 584 4041; x_wconf 91' lang='lat' dir='ltr'>in</span> <span class='ocrx_word' id='word_1_494' title='bbox 607 3990 707 4056; x_wconf 91' lang='lat' dir='ltr'>peculio</span> <span class='ocrx_word' id='word_1_495' title='bbox 725 4005 805 4042; x_wconf 86' lang='lat' dir='ltr'>vacca</span> <span class='ocrx_word' id='word_1_496' title='bbox 828 3996 927 4041; x_wconf 86' lang='lat' dir='ltr'>tantum</span> <span class='ocrx_word' id='word_1_497' title='bbox 947 3991 1097 4056; x_wconf 71' lang='lat' dir='ltr'>stultulus,</span> <span class='ocrx_word' id='word_1_498' title='bbox 1116 4007 1308 4059; x_wconf 84' lang='lat' dir='ltr'>conversusque</span> <span class='ocrx_word' id='word_1_499' title='bbox 1326 3993 1359 4043; x_wconf 89' lang='lat' dir='ltr'>ad</span> <span class='ocrx_word' id='word_1_500' title='bbox 1377 4008 1498 4044; x_wconf 85' lang='lat' dir='ltr'>uxorem:</span> <span class='ocrx_word' id='word_1_501' title='bbox 1521 4000 1547 4043; x_wconf 90' lang='lat' dir='ltr'>et</span> <span class='ocrx_word' id='word_1_502' title='bbox 1563 4009 1616 4043; x_wconf 91' lang='lat' dir='ltr'>non</span> <span class='ocrx_word' id='word_1_503' title='bbox 1634 3991 1763 4057; x_wconf 76' lang='lat' dir='ltr'>intelligis,</span> <span class='ocrx_word' id='word_1_504' title='bbox 1782 3989 1830 4054; x_wconf 89' lang='lat' dir='ltr'>ait,</span> <span class='ocrx_word' id='word_1_505' title='bbox 1848 4005 1929 4055; x_wconf 90' lang='lat' dir='ltr'>quan·</span> 
     </span>
     <span class='ocr_line' id='line_1_39' title="bbox 271 4075 1930 4146; baseline -0.002 -18"><span class='ocrx_word' id='word_1_506' title='bbox 271 4083 327 4129; x_wconf 88' lang='grc' dir='ltr'>ιιιιιι</span> <span class='ocrx_word' id='word_1_507' title='bbox 345 4078 488 4146; x_wconf 82' lang='lat' dir='ltr'>susceperis</span> <span class='ocrx_word' id='word_1_508' title='bbox 505 4077 650 4144; x_wconf 80' lang='lat' dir='ltr'>hospitem?</span> <span class='ocrx_word' id='word_1_509' title='bbox 667 4078 801 4144; x_wconf 79' lang='lat' dir='ltr'>accingere</span> <span class='ocrx_word' id='word_1_510' title='bbox 819 4077 906 4143; x_wconf 88' lang='lat' dir='ltr'>itaque</span> <span class='ocrx_word' id='word_1_511' title='bbox 924 4085 950 4130; x_wconf 91' lang='lat' dir='ltr'>et</span> <span class='ocrx_word' id='word_1_512' title='bbox 967 4078 1074 4129; x_wconf 88' lang='lat' dir='ltr'>unicum</span> <span class='ocrx_word' id='word_1_513' title='bbox 1091 4079 1136 4145; x_wconf 89' lang='lat' dir='ltr'>qni</span> <span class='ocrx_word' id='word_1_514' title='bbox 1155 4079 1230 4130; x_wconf 90' lang='lat' dir='ltr'>nobis</span> <span class='ocrx_word' id='word_1_515' title='bbox 1252 4086 1293 4131; x_wconf 86' lang='lat' dir='ltr'>est</span> <span class='ocrx_word' id='word_1_516' title='bbox 1308 4079 1419 4130; x_wconf 83' lang='lat' dir='ltr'>vitulum</span> <span class='ocrx_word' id='word_1_517' title='bbox 1439 4087 1553 4130; x_wconf 66' lang='lat' dir='ltr'>macana</span> <span class='ocrx_word' id='word_1_518' title='bbox 1571 4079 1700 4130; x_wconf 89' lang='lat' dir='ltr'>cenaturis</span> <span class='ocrx_word' id='word_1_519' title='bbox 1717 4093 1826 4144; x_wconf 90' lang='lat' dir='ltr'>appone.</span> <span class='ocrx_word' id='word_1_520' title='bbox 1862 4075 1930 4126; x_wconf 88' lang='lat' dir='ltr'>dicto</span> 
     </span>
     <span class='ocr_line' id='line_1_40' title="bbox 271 4162 1929 4233; baseline -0.003 -17"><span class='ocrx_word' id='word_1_521' title='bbox 271 4164 318 4216; x_wconf 90' lang='lat' dir='ltr'>illa</span> <span class='ocrx_word' id='word_1_522' title='bbox 336 4165 514 4215; x_wconf 86' lang='lat' dir='ltr'>incunctanter</span> <span class='ocrx_word' id='word_1_523' title='bbox 531 4164 616 4230; x_wconf 88' lang='lat' dir='ltr'>paruit</span> <span class='ocrx_word' id='word_1_524' title='bbox 628 4164 901 4229; x_wconf 83' lang='lat' dir='ltr'>coctumquevitulum</span> <span class='ocrx_word' id='word_1_525' title='bbox 920 4165 946 4215; x_wconf 95' lang='lat' dir='ltr'>in</span> <span class='ocrx_word' id='word_1_526' title='bbox 965 4181 1054 4216; x_wconf 89' lang='lat' dir='ltr'>manea</span> <span class='ocrx_word' id='word_1_527' title='bbox 1071 4166 1209 4233; x_wconf 86' lang='lat' dir='ltr'>componit.</span> <span class='ocrx_word' id='word_1_528' title='bbox 1245 4165 1380 4233; x_wconf 84' lang='lat' dir='ltr'>epiecopus</span> <span class='ocrx_word' id='word_1_529' title='bbox 1398 4166 1473 4216; x_wconf 89' lang='lat' dir='ltr'>solito</span> <span class='ocrx_word' id='word_1_530' title='bbox 1490 4166 1622 4217; x_wconf 83' lang='lat' dir='ltr'>abstinens</span> <span class='ocrx_word' id='word_1_531' title='bbox 1633 4165 1724 4217; x_wconf 90' lang='lat' dir='ltr'>ceteris</span> <span class='ocrx_word' id='word_1_532' title='bbox 1742 4181 1814 4215; x_wconf 89' lang='lat' dir='ltr'>esum</span> <span class='ocrx_word' id='word_1_533' title='bbox 1833 4162 1929 4216; x_wconf 82' lang='lat' dir='ltr'>indicit.</span> 
     </span>
     <span class='ocr_line' id='line_1_41' title="bbox 272 4248 1930 4319; baseline -0.002 -17"><span class='ocrx_word' id='word_1_534' title='bbox 272 4266 337 4303; x_wconf 89' lang='lat' dir='ltr'>cena</span> <span class='ocrx_word' id='word_1_535' title='bbox 360 4250 481 4319; x_wconf 86' lang='lat' dir='ltr'>explicita</span> <span class='ocrx_word' id='word_1_536' title='bbox 504 4250 597 4301; x_wconf 90' lang='lat' dir='ltr'>beatus</span> <span class='ocrx_word' id='word_1_537' title='bbox 619 4251 763 4301; x_wconf 84' lang='lat' dir='ltr'>Germanus</span> <span class='ocrx_word' id='word_1_538' title='bbox 787 4251 919 4301; x_wconf 88' lang='lat' dir='ltr'>mulierem</span> <span class='ocrx_word' id='word_1_539' title='bbox 942 4259 1031 4303; x_wconf 84' lang='lat' dir='ltr'>evocat</span> <span class='ocrx_word' id='word_1_540' title='bbox 1055 4252 1227 4318; x_wconf 84' lang='lat' dir='ltr'>imperatque,</span> <span class='ocrx_word' id='word_1_541' title='bbox 1252 4257 1281 4302; x_wconf 90' lang='grc' dir='ltr'>ιιι</span> <span class='ocrx_word' id='word_1_542' title='bbox 1299 4267 1358 4303; x_wconf 86' lang='lat' dir='ltr'>ossa</span> <span class='ocrx_word' id='word_1_543' title='bbox 1376 4252 1451 4303; x_wconf 88' lang='lat' dir='ltr'>vituli</span> <span class='ocrx_word' id='word_1_544' title='bbox 1470 4251 1578 4304; x_wconf 89' lang='lat' dir='ltr'>collecta</span> <span class='ocrx_word' id='word_1_545' title='bbox 1595 4251 1744 4318; x_wconf 80' lang='lat' dir='ltr'>diligentius</span> <span class='ocrx_word' id='word_1_546' title='bbox 1763 4265 1841 4316; x_wconf 90' lang='lat' dir='ltr'>super</span> <span class='ocrx_word' id='word_1_547' title='bbox 1859 4248 1930 4316; x_wconf 91' lang='lat' dir='ltr'>palli-</span> 
     </span>
     <span class='ocr_line' id='line_1_42' title="bbox 272 4337 1931 4404; baseline -0.002 -16"><span class='ocrx_word' id='word_1_548' title='bbox 272 4337 359 4404; x_wconf 85' lang='lat' dir='ltr'>culam</span> <span class='ocrx_word' id='word_1_549' title='bbox 383 4337 439 4388; x_wconf 87' lang='lat' dir='ltr'>eius</span> <span class='ocrx_word' id='word_1_550' title='bbox 463 4343 522 4388; x_wconf 90' lang='lat' dir='ltr'>ante</span> <span class='ocrx_word' id='word_1_551' title='bbox 545 4343 653 4388; x_wconf 86' lang='lat' dir='ltr'>matrem</span> <span class='ocrx_word' id='word_1_552' title='bbox 677 4337 702 4386; x_wconf 90' lang='lat' dir='ltr'>in</span> <span class='ocrx_word' id='word_1_553' title='bbox 728 4338 859 4404; x_wconf 89' lang='lat' dir='ltr'>praesepio</span> <span class='ocrx_word' id='word_1_554' title='bbox 883 4345 1027 4404; x_wconf 78' lang='lat' dir='ltr'>componat</span> <span class='ocrx_word' id='word_1_555' title='bbox 1062 4355 1114 4404; x_wconf 90' lang='lat' dir='ltr'>quo</span> <span class='ocrx_word' id='word_1_556' title='bbox 1136 4340 1205 4390; x_wconf 83' lang='lat' dir='ltr'>lacto</span> <span class='ocrx_word' id='word_1_557' title='bbox 1227 4337 1332 4402; x_wconf 81' lang='lat' dir='ltr'>(mirum</span> <span class='ocrx_word' id='word_1_558' title='bbox 1356 4337 1428 4389; x_wconf 88' lang='lat' dir='ltr'>dictu</span> <span class='ocrx_word' id='word_1_559' title='bbox 1452 4338 1521 4403; x_wconf 92' lang='lat' dir='ltr'>quod</span> <span class='ocrx_word' id='word_1_560' title='bbox 1544 4339 1593 4398; x_wconf 88' lang='lat' dir='ltr'>est)</span> <span class='ocrx_word' id='word_1_561' title='bbox 1617 4337 1715 4388; x_wconf 81' lang='lat' dir='ltr'>vitulus</span> <span class='ocrx_word' id='word_1_562' title='bbox 1737 4337 1837 4402; x_wconf 89' lang='lat' dir='ltr'>absque</span> <span class='ocrx_word' id='word_1_563' title='bbox 1860 4351 1931 4386; x_wconf 90' lang='lat' dir='ltr'>mora</span> 
     </span>
     <span class='ocr_line' id='line_1_43' title="bbox 273 4421 1930 4491; baseline -0.003 -16"><span class='ocrx_word' id='word_1_564' title='bbox 273 4425 385 4476; x_wconf 84' lang='lat' dir='ltr'>surrexit</span> <span class='ocrx_word' id='word_1_565' title='bbox 411 4424 538 4488; x_wconf 85' lang='lat' dir='ltr'>matrique</span> <span class='ocrx_word' id='word_1_566' title='bbox 565 4424 700 4475; x_wconf 88' lang='lat' dir='ltr'>coadstans</span> <span class='ocrx_word' id='word_1_567' title='bbox 727 4423 854 4490; x_wconf 92' lang='lat' dir='ltr'>pabulum</span> <span class='ocrx_word' id='word_1_568' title='bbox 881 4441 984 4491; x_wconf 87' lang='lat' dir='ltr'>carpere</span> <span class='ocrx_word' id='word_1_569' title='bbox 1011 4426 1103 4491; x_wconf 85' lang='lat' dir='ltr'>coepit.</span> <span class='ocrx_word' id='word_1_570' title='bbox 1151 4434 1205 4476; x_wconf 89' lang='lat' dir='ltr'>tum</span> <span class='ocrx_word' id='word_1_571' title='bbox 1230 4425 1263 4475; x_wconf 87' lang='lat' dir='ltr'>ad</span> <span class='ocrx_word' id='word_1_572' title='bbox 1286 4432 1410 4490; x_wconf 88' lang='lat' dir='ltr'>utrosque</span> <span class='ocrx_word' id='word_1_573' title='bbox 1433 4441 1574 4476; x_wconf 84' lang='lat' dir='ltr'>conversus</span> <span class='ocrx_word' id='word_1_574' title='bbox 1595 4424 1716 4475; x_wconf 87' lang='lat' dir='ltr'>autietss:</span> <span class='ocrx_word' id='word_1_575' title='bbox 1740 4423 1820 4487; x_wconf 82' lang='lat' dir='ltr'>salvo,</span> <span class='ocrx_word' id='word_1_576' title='bbox 1837 4421 1930 4486; x_wconf 90' lang='lat' dir='ltr'>inquit,</span> 
     </span>
     <span class='ocr_line' id='line_1_44' title="bbox 272 4507 1931 4579; baseline -0.003 -16"><span class='ocrx_word' id='word_1_577' title='bbox 272 4511 386 4579; x_wconf 87' lang='lat' dir='ltr'>praemio</span> <span class='ocrx_word' id='word_1_578' title='bbox 408 4511 523 4562; x_wconf 87' lang='lat' dir='ltr'>caritatis</span> <span class='ocrx_word' id='word_1_579' title='bbox 547 4511 605 4562; x_wconf 90' lang='lat' dir='ltr'>iura</span> <span class='ocrx_word' id='word_1_580' title='bbox 628 4510 729 4577; x_wconf 90' lang='lat' dir='ltr'>hospitii</span> <span class='ocrx_word' id='word_1_581' title='bbox 754 4510 800 4563; x_wconf 84' lang='lat' dir='ltr'>tali</span> <span class='ocrx_word' id='word_1_582' title='bbox 824 4511 926 4561; x_wconf 85' lang='lat' dir='ltr'>interim</span> <span class='ocrx_word' id='word_1_583' title='bbox 950 4512 1076 4562; x_wconf 86' lang='lat' dir='ltr'>beneficio</span> <span class='ocrx_word' id='word_1_584' title='bbox 1100 4519 1263 4579; x_wconf 86' lang='lat' dir='ltr'>compensata</span> <span class='ocrx_word' id='word_1_585' title='bbox 1285 4512 1399 4579; x_wconf 90' lang='lat' dir='ltr'>recipite.</span> <span class='ocrx_word' id='word_1_586' title='bbox 1441 4517 1594 4578; x_wconf 80' lang='lat' dir='ltr'>proventum</span> <span class='ocrx_word' id='word_1_587' title='bbox 1617 4511 1654 4561; x_wconf 89' lang='lat' dir='ltr'>rei</span> <span class='ocrx_word' id='word_1_588' title='bbox 1677 4510 1819 4561; x_wconf 88' lang='lat' dir='ltr'>mirabilem</span> <span class='ocrx_word' id='word_1_589' title='bbox 1836 4507 1931 4559; x_wconf 87' lang='lat' dir='ltr'>collato</span> 
     </span>
     <span class='ocr_line' id='line_1_45' title="bbox 273 4594 1931 4665; baseline -0.002 -17"><span class='ocrx_word' id='word_1_590' title='bbox 273 4613 362 4649; x_wconf 88' lang='lat' dir='ltr'>omnes</span> <span class='ocrx_word' id='word_1_591' title='bbox 387 4596 523 4664; x_wconf 88' lang='lat' dir='ltr'>praeconio</span> <span class='ocrx_word' id='word_1_592' title='bbox 550 4597 717 4649; x_wconf 89' lang='lat' dir='ltr'>sustulerunt.</span> <span class='ocrx_word' id='word_1_593' title='bbox 762 4598 790 4648; x_wconf 94' lang='lat' dir='ltr'>in</span> <span class='ocrx_word' id='word_1_594' title='bbox 820 4597 959 4648; x_wconf 86' lang='lat' dir='ltr'>crastinum</span> <span class='ocrx_word' id='word_1_595' title='bbox 987 4597 1103 4664; x_wconf 79' lang='lat' dir='ltr'>pontifex</span> <span class='ocrx_word' id='word_1_596' title='bbox 1126 4599 1251 4664; x_wconf 87' lang='lat' dir='ltr'>palatium</span> <span class='ocrx_word' id='word_1_597' title='bbox 1274 4600 1366 4665; x_wconf 89' lang='lat' dir='ltr'>repetit</span> <span class='ocrx_word' id='word_1_598' title='bbox 1395 4599 1515 4665; x_wconf 81' lang='lat' dir='ltr'>regisquo</span> <span class='ocrx_word' id='word_1_599' title='bbox 1538 4597 1572 4648; x_wconf 89' lang='lat' dir='ltr'>ad</span> <span class='ocrx_word' id='word_1_600' title='bbox 1601 4597 1733 4664; x_wconf 88' lang='lat' dir='ltr'>publicum</span> <span class='ocrx_word' id='word_1_601' title='bbox 1760 4594 1931 4663; x_wconf 86' lang='lat' dir='ltr'>praestolatur</span> 
     </span>
     <span class='ocr_line' id='line_1_46' title="bbox 273 4680 1932 4753; baseline -0.003 -17"><span class='ocrx_word' id='word_1_602' title='bbox 273 4700 411 4751; x_wconf 77' lang='lat' dir='ltr'>egressum.</span> <span class='ocrx_word' id='word_1_603' title='bbox 458 4684 531 4735; x_wconf 90' lang='lat' dir='ltr'>illum</span> <span class='ocrx_word' id='word_1_604' title='bbox 558 4685 591 4735; x_wconf 87' lang='lat' dir='ltr'>ab</span> <span class='ocrx_word' id='word_1_605' title='bbox 617 4683 715 4735; x_wconf 88' lang='lat' dir='ltr'>intimis</span> <span class='ocrx_word' id='word_1_606' title='bbox 741 4684 921 4751; x_wconf 86' lang='lat' dir='ltr'>procedentem</span> <span class='ocrx_word' id='word_1_607' title='bbox 939 4685 1085 4737; x_wconf 84' lang='lat' dir='ltr'>Germanus</span> <span class='ocrx_word' id='word_1_608' title='bbox 1107 4685 1202 4752; x_wconf 87' lang='lat' dir='ltr'>excipit</span> <span class='ocrx_word' id='word_1_609' title='bbox 1224 4693 1301 4752; x_wconf 85' lang='lat' dir='ltr'>atque</span> <span class='ocrx_word' id='word_1_610' title='bbox 1325 4686 1423 4753; x_wconf 89' lang='lat' dir='ltr'>potenti</span> <span class='ocrx_word' id='word_1_611' title='bbox 1447 4683 1627 4751; x_wconf 76' lang='lat' dir='ltr'>obiurgatione</span> <span class='ocrx_word' id='word_1_612' title='bbox 1650 4683 1798 4746; x_wconf 82' lang='lat' dir='ltr'>verborum,</span> <span class='ocrx_word' id='word_1_613' title='bbox 1817 4697 1864 4733; x_wconf 90' lang='lat' dir='ltr'>cur</span> <span class='ocrx_word' id='word_1_614' title='bbox 1881 4680 1932 4732; x_wconf 88' lang='lat' dir='ltr'>sibi</span> 
     </span>
     <span class='ocr_line' id='line_1_47' title="bbox 273 4767 1933 4840; baseline -0.003 -18"><span class='ocrx_word' id='word_1_615' title='bbox 273 4773 354 4839; x_wconf 88' lang='lat' dir='ltr'>pridie</span> <span class='ocrx_word' id='word_1_616' title='bbox 375 4772 515 4838; x_wconf 86' lang='lat' dir='ltr'>hospitium</span> <span class='ocrx_word' id='word_1_617' title='bbox 539 4772 681 4840; x_wconf 75' lang='lat' dir='ltr'>negaverit,</span> <span class='ocrx_word' id='word_1_618' title='bbox 709 4789 815 4824; x_wconf 81' lang='lat' dir='ltr'>severus</span> <span class='ocrx_word' id='word_1_619' title='bbox 832 4773 952 4839; x_wconf 88' lang='lat' dir='ltr'>exquirit.</span> <span class='ocrx_word' id='word_1_620' title='bbox 999 4787 1044 4823; x_wconf 86' lang='lat' dir='ltr'>rex</span> <span class='ocrx_word' id='word_1_621' title='bbox 1070 4779 1174 4839; x_wconf 88' lang='lat' dir='ltr'>stupore</span> <span class='ocrx_word' id='word_1_622' title='bbox 1200 4773 1301 4824; x_wconf 87' lang='lat' dir='ltr'>defixus</span> <span class='ocrx_word' id='word_1_623' title='bbox 1327 4773 1452 4838; x_wconf 87' lang='lat' dir='ltr'>intorpuit</span> <span class='ocrx_word' id='word_1_624' title='bbox 1472 4772 1573 4837; x_wconf 82' lang='lat' dir='ltr'>virique</span> <span class='ocrx_word' id='word_1_625' title='bbox 1602 4770 1748 4822; x_wconf 85' lang='lat' dir='ltr'>constantia</span> <span class='ocrx_word' id='word_1_626' title='bbox 1774 4767 1899 4820; x_wconf 85' lang='lat' dir='ltr'>attonitus</span> <span class='ocrx_word' id='word_1_627' title='bbox 1917 4785 1933 4818; x_wconf 90' lang='lat' dir='ltr'>a</span> 
     </span>
     <span class='ocr_line' id='line_1_48' title="bbox 273 4854 1931 4930; baseline -0.003 -21"><span class='ocrx_word' id='word_1_628' title='bbox 273 4875 395 4928; x_wconf 86' lang='lat' dir='ltr'>responso</span> <span class='ocrx_word' id='word_1_629' title='bbox 412 4860 512 4912; x_wconf 80' lang='lat' dir='ltr'>defecit</span> <span class='ocrx_word' id='word_1_630' title='bbox 548 4866 604 4910; x_wconf 87' lang='lat' dir='ltr'>turn</span> <span class='ocrx_word' id='word_1_631' title='bbox 621 4860 766 4910; x_wconf 86' lang='lat' dir='ltr'>Germanus</span> <span class='ocrx_word' id='word_1_632' title='bbox 784 4859 937 4910; x_wconf 86' lang='lat' dir='ltr'>auctoritate</span> <span class='ocrx_word' id='word_1_633' title='bbox 956 4857 1080 4912; x_wconf 86' lang='lat' dir='ltr'>mirabili:</span> <span class='ocrx_word' id='word_1_634' title='bbox 1099 4858 1228 4926; x_wconf 70' lang='lat' dir='ltr'>egredere,</span> <span class='ocrx_word' id='word_1_635' title='bbox 1246 4859 1338 4925; x_wconf 88' lang='lat' dir='ltr'>iuquit,</span> <span class='ocrx_word' id='word_1_636' title='bbox 1358 4865 1383 4909; x_wconf 94' lang='lat' dir='ltr'>et</span> <span class='ocrx_word' id='word_1_637' title='bbox 1400 4864 1502 4924; x_wconf 83' lang='lat' dir='ltr'>sceptra</span> <span class='ocrx_word' id='word_1_638' title='bbox 1519 4857 1592 4923; x_wconf 76' lang='lat' dir='ltr'>regni</span> <span class='ocrx_word' id='word_1_639' title='bbox 1610 4855 1851 4930; x_wconf 84' lang='lat' dir='ltr'>melioripermitte.</span> <span class='ocrx_word' id='word_1_640' title='bbox 1887 4854 1931 4904; x_wconf 92' lang='lat' dir='ltr'>illo</span> 
     </span>
     <span class='ocr_line' id='line_1_49' title="bbox 274 4942 1931 5013; baseline -0.002 -16"><span class='ocrx_word' id='word_1_641' title='bbox 274 4948 418 4998; x_wconf 84' lang='lat' dir='ltr'>haesitante</span> <span class='ocrx_word' id='word_1_642' title='bbox 445 4949 590 4999; x_wconf 81' lang='lat' dir='ltr'>Germanus</span> <span class='ocrx_word' id='word_1_643' title='bbox 616 4946 710 4998; x_wconf 89' lang='lat' dir='ltr'>baculo</span> <span class='ocrx_word' id='word_1_644' title='bbox 737 4953 900 4998; x_wconf 87' lang='lat' dir='ltr'>cunctantem</span> <span class='ocrx_word' id='word_1_645' title='bbox 927 4946 1075 5013; x_wconf 88' lang='lat' dir='ltr'>impellens:</span> <span class='ocrx_word' id='word_1_646' title='bbox 1103 4947 1255 5013; x_wconf 78' lang='lat' dir='ltr'>egrediaris,</span> <span class='ocrx_word' id='word_1_647' title='bbox 1283 4947 1332 5010; x_wconf 86' lang='lat' dir='ltr'>ait,</span> <span class='ocrx_word' id='word_1_648' title='bbox 1359 4953 1384 4999; x_wconf 92' lang='lat' dir='ltr'>et</span> <span class='ocrx_word' id='word_1_649' title='bbox 1411 4945 1479 4996; x_wconf 89' lang='lat' dir='ltr'>sicut</span> <span class='ocrx_word' id='word_1_650' title='bbox 1504 4944 1638 4995; x_wconf 88' lang='lat' dir='ltr'>delinitum</span> <span class='ocrx_word' id='word_1_651' title='bbox 1665 4949 1765 4994; x_wconf 86' lang='lat' dir='ltr'>constat</span> <span class='ocrx_word' id='word_1_652' title='bbox 1787 4959 1803 4991; x_wconf 86' lang='lat' dir='ltr'>a</span> <span class='ocrx_word' id='word_1_653' title='bbox 1821 4942 1931 5005; x_wconf 88' lang='lat' dir='ltr'>domino,</span> 
     </span>
     <span class='ocr_line' id='line_1_50' title="bbox 274 5027 1933 5101; baseline -0.004 -17"><span class='ocrx_word' id='word_1_654' title='bbox 274 5050 438 5101; x_wconf 82' lang='lat' dir='ltr'>nequaquam</span> <span class='ocrx_word' id='word_1_655' title='bbox 462 5034 583 5100; x_wconf 91' lang='lat' dir='ltr'>deinceps</span> <span class='ocrx_word' id='word_1_656' title='bbox 606 5034 633 5083; x_wconf 92' lang='lat' dir='ltr'>in</span> <span class='ocrx_word' id='word_1_657' title='bbox 656 5041 790 5084; x_wconf 89' lang='lat' dir='ltr'>aeternam</span> <span class='ocrx_word' id='word_1_658' title='bbox 813 5037 938 5099; x_wconf 89' lang='lat' dir='ltr'>potestate</span> <span class='ocrx_word' id='word_1_659' title='bbox 956 5033 1028 5097; x_wconf 75' lang='lat' dir='ltr'>regia</span> <span class='ocrx_word' id='word_1_660' title='bbox 1051 5033 1174 5084; x_wconf 85' lang='lat' dir='ltr'>abutaris.</span> <span class='ocrx_word' id='word_1_661' title='bbox 1211 5033 1336 5086; x_wconf 88' lang='lat' dir='ltr'>barbarus</span> <span class='ocrx_word' id='word_1_662' title='bbox 1354 5032 1533 5084; x_wconf 86' lang='lat' dir='ltr'>auctoritatem</span> <span class='ocrx_word' id='word_1_663' title='bbox 1558 5031 1694 5081; x_wconf 88' lang='lat' dir='ltr'>caelestem</span> <span class='ocrx_word' id='word_1_664' title='bbox 1712 5030 1739 5079; x_wconf 89' lang='lat' dir='ltr'>in</span> <span class='ocrx_word' id='word_1_665' title='bbox 1757 5027 1876 5095; x_wconf 86' lang='lat' dir='ltr'>praesule</span> <span class='ocrx_word' id='word_1_666' title='bbox 1895 5043 1933 5078; x_wconf 82' lang='lat' dir='ltr'>re</span> 
     </span>
     <span class='ocr_line' id='line_1_51' title="bbox 274 5116 1931 5187; baseline -0.004 -16"><span class='ocrx_word' id='word_1_667' title='bbox 274 5121 413 5173; x_wconf 78' lang='lat' dir='ltr'>formidans</span> <span class='ocrx_word' id='word_1_668' title='bbox 431 5137 490 5172; x_wconf 89' lang='lat' dir='ltr'>cum</span> <span class='ocrx_word' id='word_1_669' title='bbox 508 5119 619 5187; x_wconf 79' lang='lat' dir='ltr'>coniuge</span> <span class='ocrx_word' id='word_1_670' title='bbox 636 5127 662 5172; x_wconf 90' lang='lat' dir='ltr'>at</span> <span class='ocrx_word' id='word_1_671' title='bbox 678 5121 766 5172; x_wconf 91' lang='lat' dir='ltr'>liberie</span> <span class='ocrx_word' id='word_1_672' title='bbox 784 5119 959 5172; x_wconf 83' lang='lat' dir='ltr'>indifferenter</span> <span class='ocrx_word' id='word_1_673' title='bbox 977 5119 1120 5185; x_wconf 77' lang='lat' dir='ltr'>egreditur,</span> <span class='ocrx_word' id='word_1_674' title='bbox 1140 5120 1227 5186; x_wconf 87' lang='lat' dir='ltr'>palatii</span> <span class='ocrx_word' id='word_1_675' title='bbox 1247 5122 1314 5171; x_wconf 84' lang='lat' dir='ltr'>iores</span> <span class='ocrx_word' id='word_1_676' title='bbox 1332 5125 1459 5170; x_wconf 89' lang='lat' dir='ltr'>retentare</span> <span class='ocrx_word' id='word_1_677' title='bbox 1477 5117 1551 5169; x_wconf 90' lang='lat' dir='ltr'>nulla</span> <span class='ocrx_word' id='word_1_678' title='bbox 1568 5117 1677 5183; x_wconf 87' lang='lat' dir='ltr'>posthac</span> <span class='ocrx_word' id='word_1_679' title='bbox 1695 5116 1795 5167; x_wconf 87' lang='lat' dir='ltr'>ratione</span> <span class='ocrx_word' id='word_1_680' title='bbox 1813 5123 1931 5166; x_wconf 89' lang='lat' dir='ltr'>conatus.</span> 
     </span>
     <span class='ocr_line' id='line_1_52' title="bbox 274 5201 1933 5274; baseline -0.004 -15"><span class='ocrx_word' id='word_1_681' title='bbox 274 5215 330 5259; x_wconf 87' lang='lat' dir='ltr'>tum</span> <span class='ocrx_word' id='word_1_682' title='bbox 353 5211 498 5260; x_wconf 79' lang='lat' dir='ltr'>Germanus</span> <span class='ocrx_word' id='word_1_683' title='bbox 521 5223 574 5258; x_wconf 91' lang='lat' dir='ltr'>uno</span> <span class='ocrx_word' id='word_1_684' title='bbox 598 5223 631 5258; x_wconf 89' lang='lat' dir='ltr'>ex</span> <span class='ocrx_word' id='word_1_685' title='bbox 654 5207 789 5274; x_wconf 88' lang='lat' dir='ltr'>discipulis</span> <span class='ocrx_word' id='word_1_686' title='bbox 810 5206 906 5259; x_wconf 87' lang='lat' dir='ltr'>directo</span> <span class='ocrx_word' id='word_1_687' title='bbox 931 5206 1071 5258; x_wconf 86' lang='lat' dir='ltr'>subulcum</span> <span class='ocrx_word' id='word_1_688' title='bbox 1089 5223 1148 5258; x_wconf 83' lang='lat' dir='ltr'>curn</span> <span class='ocrx_word' id='word_1_689' title='bbox 1172 5208 1283 5273; x_wconf 80' lang='lat' dir='ltr'>coniuge</span> <span class='ocrx_word' id='word_1_690' title='bbox 1305 5212 1398 5257; x_wconf 82' lang='lat' dir='ltr'>evocat</span> <span class='ocrx_word' id='word_1_691' title='bbox 1414 5211 1492 5268; x_wconf 89' lang='lat' dir='ltr'>atque</span> <span class='ocrx_word' id='word_1_692' title='bbox 1515 5205 1637 5256; x_wconf 81' lang='lat' dir='ltr'>universo</span> <span class='ocrx_word' id='word_1_693' title='bbox 1654 5208 1773 5269; x_wconf 89' lang='lat' dir='ltr'>stupente</span> <span class='ocrx_word' id='word_1_694' title='bbox 1791 5202 1888 5269; x_wconf 86' lang='lat' dir='ltr'>palatio</span> <span class='ocrx_word' id='word_1_695' title='bbox 1907 5201 1933 5252; x_wconf 90' lang='lat' dir='ltr'>iu</span> 
     </span>
     <span class='ocr_line' id='line_1_53' title="bbox 274 5288 1933 5360; baseline -0.004 -16"><span class='ocrx_word' id='word_1_696' title='bbox 274 5295 348 5360; x_wconf 75' lang='lat' dir='ltr'>regni</span> <span class='ocrx_word' id='word_1_697' title='bbox 368 5293 471 5345; x_wconf 90' lang='lat' dir='ltr'>culmen</span> <span class='ocrx_word' id='word_1_698' title='bbox 489 5294 625 5359; x_wconf 89' lang='lat' dir='ltr'>componit.</span> <span class='ocrx_word' id='word_1_699' title='bbox 662 5309 695 5344; x_wconf 88' lang='lat' dir='ltr'>ex</span> <span class='ocrx_word' id='word_1_700' title='bbox 717 5309 746 5344; x_wconf 89' lang='lat' dir='ltr'>eo</span> <span class='ocrx_word' id='word_1_701' title='bbox 770 5299 882 5359; x_wconf 89' lang='lat' dir='ltr'>ternpore</span> <span class='ocrx_word' id='word_1_702' title='bbox 906 5293 932 5343; x_wconf 90' lang='lat' dir='ltr'>in</span> <span class='ocrx_word' id='word_1_703' title='bbox 950 5292 1103 5344; x_wconf 89' lang='lat' dir='ltr'>hodiernum</span> <span class='ocrx_word' id='word_1_704' title='bbox 1122 5309 1196 5360; x_wconf 77' lang='lat' dir='ltr'>reges</span> <span class='ocrx_word' id='word_1_705' title='bbox 1214 5309 1246 5344; x_wconf 89' lang='lat' dir='ltr'>ex</span> <span class='ocrx_word' id='word_1_706' title='bbox 1264 5293 1367 5344; x_wconf 89' lang='lat' dir='ltr'>subulci</span> <span class='ocrx_word' id='word_1_707' title='bbox 1389 5306 1483 5357; x_wconf 80' lang='lat' dir='ltr'>genera</span> <span class='ocrx_word' id='word_1_708' title='bbox 1509 5291 1664 5357; x_wconf 87' lang='lat' dir='ltr'>prodeuntes</span> <span class='ocrx_word' id='word_1_709' title='bbox 1682 5288 1780 5340; x_wconf 78' lang='lat' dir='ltr'>natium</span> <span class='ocrx_word' id='word_1_710' title='bbox 1798 5289 1933 5340; x_wconf 87' lang='lat' dir='ltr'>Britouam</span> 
     </span>
     <span class='ocr_line' id='line_1_54' title="bbox 274 5373 1933 5447; baseline -0.004 -17"><span class='ocrx_word' id='word_1_711' title='bbox 274 5381 439 5432; x_wconf 87' lang='lat' dir='ltr'>dominantur</span> <span class='ocrx_word' id='word_1_712' title='bbox 456 5381 503 5431; x_wconf 90' lang='lat' dir='ltr'>deo</span> <span class='ocrx_word' id='word_1_713' title='bbox 522 5397 567 5447; x_wconf 90' lang='lat' dir='ltr'>per</span> <span class='ocrx_word' id='word_1_714' title='bbox 584 5380 688 5430; x_wconf 90' lang='lat' dir='ltr'>beatum</span> <span class='ocrx_word' id='word_1_715' title='bbox 706 5381 864 5430; x_wconf 81' lang='lat' dir='ltr'>Germanum</span> <span class='ocrx_word' id='word_1_716' title='bbox 882 5395 923 5430; x_wconf 91' lang='lat' dir='ltr'>res</span> <span class='ocrx_word' id='word_1_717' title='bbox 941 5378 1068 5430; x_wconf 87' lang='lat' dir='ltr'>humanas</span> <span class='ocrx_word' id='word_1_718' title='bbox 1087 5379 1237 5430; x_wconf 86' lang='lat' dir='ltr'>mirabiliter</span> <span class='ocrx_word' id='word_1_719' title='bbox 1255 5380 1396 5430; x_wconf 89' lang='lat' dir='ltr'>ordinante.</span> <span class='ocrx_word' id='word_1_720' title='bbox 1431 5377 1496 5429; x_wconf 90' lang='lat' dir='ltr'>baec</span> <span class='ocrx_word' id='word_1_721' title='bbox 1513 5377 1551 5426; x_wconf 87' lang='lat' dir='ltr'>ita</span> <span class='ocrx_word' id='word_1_722' title='bbox 1568 5375 1637 5442; x_wconf 88' lang='lat' dir='ltr'>apud</span> <span class='ocrx_word' id='word_1_723' title='bbox 1649 5375 1808 5425; x_wconf 83' lang='lat' dir='ltr'>Britanniam</span> <span class='ocrx_word' id='word_1_724' title='bbox 1827 5373 1933 5424; x_wconf 89' lang='lat' dir='ltr'>catholi-</span> 
     </span>
     <span class='ocr_line' id='line_1_55' title="bbox 275 5464 1501 5532; baseline -0.002 -14"><span class='ocrx_word' id='word_1_725' title='bbox 275 5468 312 5518; x_wconf 92' lang='lat' dir='ltr'>cis</span> <span class='ocrx_word' id='word_1_726' title='bbox 329 5467 421 5519; x_wconf 87' lang='lat' dir='ltr'>litteria</span> <span class='ocrx_word' id='word_1_727' title='bbox 439 5467 564 5518; x_wconf 87' lang='lat' dir='ltr'>contineri</span> <span class='ocrx_word' id='word_1_728' title='bbox 582 5465 728 5532; x_wconf 88' lang='lat' dir='ltr'>praedictus</span> <span class='ocrx_word' id='word_1_729' title='bbox 747 5465 808 5515; x_wconf 89' lang='lat' dir='ltr'>mihi</span> <span class='ocrx_word' id='word_1_730' title='bbox 826 5464 961 5532; x_wconf 89' lang='lat' dir='ltr'>episcopus</span> <span class='ocrx_word' id='word_1_731' title='bbox 979 5465 1145 5516; x_wconf 85' lang='lat' dir='ltr'>iurisiurandi</span> <span class='ocrx_word' id='word_1_732' title='bbox 1165 5466 1356 5532; x_wconf 88' lang='lat' dir='ltr'>interpositione</span> <span class='ocrx_word' id='word_1_733' title='bbox 1375 5464 1501 5516; x_wconf 86' lang='lat' dir='ltr'>firmabat.</span> 
     </span>
    </p>
   </div>
   <div class='ocr_carea' id='block_1_10' title="bbox 382 5568 768 5638">
    <p class='ocr_par' dir='ltr' id='par_1_11' title="bbox 382 5568 768 5638">
     <span class='ocr_line' id='line_1_56' title="bbox 382 5568 768 5638; baseline -0.005 -17"><span class='ocrx_word' id='word_1_734' title='bbox 382 5570 402 5638; x_wconf 90' lang='lat'>¹)</span> <span class='ocrx_word' id='word_1_735' title='bbox 421 5573 451 5621; x_wconf 93' lang='lat' dir='ltr'>Iu</span> <span class='ocrx_word' id='word_1_736' title='bbox 469 5571 574 5636; x_wconf 76' lang='lat' dir='ltr'>regione</span> <span class='ocrx_word' id='word_1_737' title='bbox 593 5570 630 5620; x_wconf 89' lang='lat' dir='ltr'>lal</span> <span class='ocrx_word' id='word_1_738' title='bbox 648 5570 695 5621; x_wconf 79' lang='lat' dir='ltr'>ias.</span> <span class='ocrx_word' id='word_1_739' title='bbox 708 5568 768 5620; x_wconf 76' lang='lat'>0²1.</span> 
     </span>
    </p>
   </div>
   <div class='ocr_carea' id='block_1_11' title="bbox 0 0 2336 6276">
    <p class='ocr_par' dir='ltr' id='par_1_12' title="bbox 0 0 2336 6276">
     <span class='ocr_line' id='line_1_57' title="bbox 0 0 2336 6276; baseline 0 0"><span class='ocrx_word' id='word_1_740' title='bbox 0 0 2336 6276; x_wconf 95' lang='lat' dir='ltr'> </span> 
     </span>
    </p>
   </div>
  </div>
 </body>
</html>
