4554 6316
398 347 461 410 338
1097 340 1366 398 auuluauuurn

398 516 627 582 Constantinus
658 516 735 582 dum
764 515 932 581 Constanti
962 517 1052 582 fratri
1081 517 1169 582 bello
1203 517 1394 598 insectatur,
1422 517 1551 582 incauta
1580 518 1761 605 petulantia
1792 541 1856 586 non
1882 522 1984 609 longe
2017 522 2064 588 ab

485 620 636 707 Aquileia
658 626 736 706 aput
760 620 870 684 Alsum
894 620 1024 685 durium
1055 641 1075 684 a
1106 620 1259 686 militibus
1287 621 1476 684 interficitur
1500 659 1540 669 -
1568 621 1699 686 Orosius
1722 627 1751 700 7,
1767 624 1819 701 29,
1836 625 1873 703 5,·
1894 623 2064 708 Hierony-

483 745 555 789 mus
575 725 671 790 2356.

398 826 558 893 Constans
580 829 746 914 utriusque
780 847 953 912 germanos
985 834 1019 892 et
1047 826 1259 892 Occidentem
1287 827 1364 891 satis
1386 826 1561 892 industriae
1585 829 1790 913 gubernabat
1814 870 1851 879 -
1876 832 2066 913 Eutropius

485 933 536 1009 10,
552 932 583 996 0.

396 1033 497 1099 Vario
521 1039 641 1100 eventu
665 1083 723 1098 ...
747 1031 836 1119 apud
858 1031 1001 1097 Francos
1024 1038 1186 1119 pugnatur
1210 1069 1250 1081 —
1274 1033 1364 1098 Irier.
1380 1035 1477 1098 2357.

397 1137 544 1202 Tandem
568 1159 588 1202 a
611 1137 799 1203 Constantio
823 1185 881 1200 ...
905 1156 1021 1222 pacem
1046 1157 1119 1201 cum
1143 1137 1190 1202 eis
1213 1136 1291 1202 lecit
1315 1173 1354 1184 -
1379 1136 1469 1202 Hiar.
1484 1136 1580 1200 2358.

399 1242 499 1307 Iacob
522 1242 697 1307 Nisibenus
723 1289 780 1307 ...
803 1239 943 1305 liberata
966 1249 1015 1305 est
1041 1277 1080 1286 -
1103 1239 1196 1304 Beda
1218 1261 1243 1304 0.
1259 1243 1333 1305 427.

398 1345 550 1432 Sequitur
573 1353 658 1410 terre
682 1351 789 1409 motus
813 1392 871 1409 ...
897 1345 1011 1408 stravit
1034 1382 1075 1391 -
1098 1343 1189 1409 Hiar.
1205 1344 1301 1408 2357.

399 1450 606 1536 Magnentius
629 1449 717 1537 apud
739 1446 946 1532 Agustidnno
971 1448 1105 1534 arripuit
1127 1447 1298 1533 imperium
1322 1496 1379 1512 ...
1403 1447 1549 1532 porrexit
1572 1485 1611 1495 -
1639 1445 1771 1514 Orosius
1786 1455 1814 1528 7,
1830 1451 1882 1527 29,
1897 1454 1928 1516 8.

399 1553 560 1619 Constans
582 1553 669 1618 haud
690 1553 788 1636 longe
812 1600 870 1615 ...
895 1551 1084 1616 interficitur
1108 1588 1146 1598 -
1170 1549 1352 1632 Eutropius
1375 1551 1425 1627 10,
1443 1553 1472 1614 9.

398 1656 437 1722 ln
459 1659 613 1724 illiricum
636 1657 890 1722 Veteranionem
915 1705 971 1720 ...
996 1656 1114 1741 laqueo
1138 1657 1238 1720 vitam
1260 1655 1426 1724 linivit-
1452 1654 1584 1720 0100100
1607 1661 1638 1734 7,
1652 1658 1706 1734 29,
1723 1658 1838 1720 9-13.

400 1758 514 1824 Gallus
538 1759 662 1826 Caesar
684 1759 830 1826 sollicitis
860 1760 892 1823 in
916 1759 1104 1824 Constantio
1136 1758 1273 1846 patrueli
1297 1779 1369 1824 cum
1394 1762 1598 1846 suspectione
1621 1760 1812 1844 haberetur,
1835 1762 1991 1828 occiditur
2016 1801 2059 1840 .-

483 1863 574 1929 Hiar.
589 1867 687 1931 2370.

399 1966 548 2033 Silvanus
570 1969 602 2032 in
626 1967 767 2033 Galliam
790 1988 842 2032 res
865 1987 966 2031 novas
988 1968 1135 2031 molitur:
1160 1965 1311 2032 XXVIII
1335 1965 1388 2031 die
1412 1968 1573 2033 extinctus
1596 1975 1646 2032 est
1671 2005 1709 2015 —
1736 1970 1937 2035 11002370.
1964 1949 1968 1958 ’

399 2070 769 2158 Anthropomorfitarum
792 2071 917 2135 heresis
941 2071 1041 2135 oritur
1063 2107 1105 2117 —
1127 2070 1275 2136 10100100
1297 2070 1364 2138 chr.
1379 2072 1453 2135 339.

398 2173 548 2240 Donatus
571 2227 628 2242 ...
651 2176 785 2261 insignis
808 2173 947 2238 habetur
969 2212 1010 2220 -
1035 2173 1183 2238 10010100
1204 2173 1268 2240 chr.
1285 2176 1359 2240 340.

399 2277 448 2342 uo
472 2285 620 2365 tempore
642 2279 742 2344 Iulius
765 2299 837 2343 cum
854 2277 919 2342 XV
941 2279 1032 2342 annis
1051 2276 1306 2343 administrasset
1330 2278 1556 2362 sacerdotium,
1579 2281 1612 2344 in
1635 2300 1716 2366 pace
1734 2281 1865 2366 quievit.
1904 2281 2057 2346 Liberius

485 2384 518 2446 in
540 2384 612 2448 loco
637 2384 705 2447 eius
727 2381 881 2446 succedit.
927 2381 979 2446 hic
1009 2381 1104 2445 exilio
1130 2380 1319 2468 deportatur
1341 2403 1361 2446 a
1388 2382 1576 2447 Constantio
1679 2384 1731 2448 hic
1753 2383 1878 2468 (Folia)
1901 2386 2057 2470 martyrio

486 2493 665 2566 coronatur,
690 2486 740 2550 cui
764 2485 918 2549 successit
939 2484 1100 2549 Damasus
1124 2523 1165 2532 -
1188 2485 1259 2550 Lib.
1277 2486 1395 2566 pontiti
1418 2490 1470 2551 37.
1494 2489 1546 2553 38.

397 2589 524 2655 Elarius
550 2591 769 2655 Pectaviensis
873 2588 1027 2654 Paulinus
1056 2587 1223 2654 Rodanius
1252 2609 1272 2652 a
1299 2587 1488 2655 Constantio
1517 2611 1574 2676 pro
1606 2611 1683 2654 vera
1712 2589 1776 2655 fide
1806 2592 1885 2656 trusi
1917 2597 1992 2656 sunt
2015 2630 2058 2640 —

485 2693 576 2760 Hier.
591 2696 687 2758 2370.
709 2695 806 2758 2371.

399 2795 595 2864 Maximinus
619 2846 678 2863 ...
702 2795 744 2860 ad
767 2795 890 2860 Callias
912 2793 1009 2860 rediit
1030 2831 1073 2842 —
1095 2795 1189 2860 Beda
1211 2816 1237 2860 c.
1253 2797 1436 2861 429-433.

400 2899 607 2965 Constantius
630 2900 773 2964 Iulianus
798 2949 855 2964 ...
880 2899 1007 2964 ltaliam
1031 2899 1250 2986 illiricumque
1273 2899 1422 2985 presedit
1447 2939 1485 2948 .-
1514 2900 1646 2968 0100100
1670 2905 1698 2978 7,
1712 2903 1765 2980 29,
1783 2903 1833 2966 15.
1858 2906 1908 2968 10.

402 3003 608 3070 Constantius
631 3026 703 3070 oum
728 3003 881 3068 adversus
904 3002 1021 3068 Persas
1045 3003 1307 3068 decertaret
1331 3025 1389 3090 pro
1413 3005 1499 3070 lame
1517 3004 1654 3070 militum
1678 3025 1713 3069 se
1741 3004 1895 3070 dedit-
1921 3005 2057 3071 Orosius

488 3111 684 3187 ZQOZ
1753 3109 1756 3118 '

401 3209 606 3278 Constantius
635 3211 771 3276 Partiois
800 3211 931 3296 proeliis
961 3210 1080 3277 dimisit
1102 3210 1215 3276 Nisibe
1240 3211 1373 3276 obsessa
1396 3219 1491 3299 capta
1521 3212 1658 3276 militum
1678 3199 1745 3276 Ir—X‘
1765 3211 1863 3278 XVII
1888 3251 1925 3260 -
1944 3215 2058 3295 011010

487 3316 578 3380 cerba
596 3315 734 3381 Partiois
755 3317 887 3402 proeliis
909 3323 985 3380 0001
1008 3316 1112 3382 Orosii
1127 3322 1157 3394 7,
1172 3318 1225 3394 29,
1242 3319 1292 3393 10,
1315 3315 1437 3398 reliqua
1453 3316 1693 3397 Fredegaricua
1706 3319 1738 3394 2,
1753 3319 1812 3381 421
1835 3316 1973 3384 Nisebes
1997 3317 2057 3384 ob-

486 3441 590 3502 sessa,
625 3419 793 3486 Niceabde
825 3427 859 3485 et
887 3420 1008 3487 Amida
1041 3428 1136 3507 capta
1170 3427 1244 3486 sunt
1274 3441 1295 3485 a
1324 3421 1460 3486 militum
1492 3419 1748 3506 quatmordecim
1776 3420 1839 3484 LX
1876 3421 1964 3485 milia
1996 3421 2059 3508 (sic

487 3525 663 3602 0010110000,
686 3525 726 3588 ub
748 3525 875 3604 optimis
896 3525 983 3588 00011
1006 3523 1289 3610 quattuordecim).

401 3625 522 3693 Contra
544 3628 720 3710 Iulianum,
744 3647 841 3714 quem
866 3626 1041 3692 Caesarem
1065 3627 1152 3714 apud
1175 3627 1299 3693 Cedias
1332 3629 1508 3714 reliquerat
1613 3627 1834 3714 Mopsocrenis
1856 3629 1991 3694 moritur
2016 3665 2056 3676 -

487 3730 771 3812 110110001026.

400 3834 444 3899 111
467 3836 521 3922 qui
544 3837 714 3901 ecclesiam
738 3837 830 3900 civile
860 3834 947 3900 bello
971 3834 1232 3918 delacerarerat,
1255 3836 1325 3921 ipse
1353 3835 1448 3901 bellis
1480 3835 1626 3902 civilibus
1655 3837 1752 3900 etiam
1775 3834 2057 3921 perpropinquus

486 3940 634 4005 excitatis
657 3939 884 4004 molestissime
910 3939 997 4005 vitae
1021 3938 1108 4003 diem
1133 3941 1326 4005 terminarit.

563 4131 781 4198 10110000.

399 4253 542 4319 Iulianus
648 4271 699 4316 an.
715 4249 749 4314 Π
772 4271 814 4314 01.
829 4248 915 4313 VIII
939 4287 978 4298 -
1002 4248 1095 4313 Bada
1117 4270 1143 4316 c.
1158 4253 1232 4312 434.

398 4357 550 4444 Regnum
573 4357 693 4442 potitus
716 4355 742 4418 is
765 4355 904 4440 primum
928 4403 985 4418 ...
1010 4354 1152 4419 relaxari
1179 4393 1215 4400 —
1242 4353 1385 4434 Rufinus
1407 4358 1457 4433 10,
1473 4358 1526 4420 27.

399 4461 462 4526 Hic
485 4483 527 4526 ex
550 4460 666 4525 clerico
689 4461 865 4545 imperator
893 4465 926 4522 et
952 4478 1098 4543 paganus
1122 4457 1257 4522 effectus
1282 4467 1388 4523 00101
1419 4458 1573 4524 adversus
1597 4457 1796 4522 Christianos
1820 4463 1888 4521 tcta
1911 4456 2052 4521 nocendi

486 4572 555 4629 arte
579 4563 744 4648 consurgit
770 4599 804 4608 -
831 4562 978 4626 Isidorou
1000 4564 1084 4640 344;
1107 4561 1250 4642 Rufinus
1273 4567 1303 4640 0,
1318 4566 1370 4627 27.

398 4670 524 4755 Pagani
547 4667 634 4754 apud
657 4666 818 4732 Sebasten
923 4667 1123 4731 consecrarit
1146 4667 1317 4732 ecclesiam
1342 4703 1382 4715 —
1406 4665 1499 4731 Beda
1521 4669 1638 4731 0430.

398 4773 502 4859 Igitur
523 4772 666 4836 Iulianus
690 4772 787 4835 etiam
810 4769 950 4836 Iudaeos
1055 4791 1191 4858 cumque
1217 4771 1312 4858 gypsi
1341 4779 1374 4834 et
1397 4771 1501 4834 caloes
1525 4771 1627 4835 multa
1661 4768 1841 4834 modiorum
1865 4768 1952 4832 milia
1976 4789 2054 4833 con-

486 4883 678 4962 gregassent
704 4915 741 4924 -
766 4873 838 4938 trist.
863 4876 938 4955 trip.
962 4878 991 4952 0,
1007 4878 1059 4938 43.

400 4980 538 5067 Cyrillus
560 4979 862 5066 Hierosolymorum
886 4980 1057 5065 episcopus
1079 4979 1199 5064 apertis
1223 4977 1439 5042 lirndamentis
1462 4978 1606 5064 nihilque
1636 4979 1765 5042 omnino
1790 4975 1920 5056 deerat,
1945 4977 1998 5061 qui
2023 4977 2055 5041 in

486 5083 527 5148 de
542 5091 674 5171 postera
688 5103 772 5148 nova
785 5083 930 5149 iacerent
945 5081 1165 5164 fundamenta,
1183 5131 1189 5146 .
1209 5133 1216 5148 .
1234 5131 1240 5146 .
1264 5103 1316 5147 100
1333 5089 1403 5146 0101
1418 5083 1450 5146 in
1466 5083 1694 5167 expectatione
1718 5117 1750 5126 —
1773 5080 1916 5161 Rufinus
1936 5085 1986 5156 10,
2002 5085 2055 5146 37.

398 5189 445 5254 vis
468 5195 636 5252 ventorum
659 5195 795 5274 repente
818 5188 979 5274 respirans
1003 5237 1060 5253 ...
1085 5188 1192 5252 luerat
1214 5185 1451 5273 diperserunt(
1474 5188 1511 5264 ¹)
1537 5221 1577 5234 -
1600 5185 1672 5249 bist.
1697 5185 1770 5264 trip.
1795 5184 1815 5250 1.
1831 5207 1856 5249 0.

399 5299 530 5356 010000
554 5298 649 5356 00010
674 5341 731 5358 ...
755 5311 947 5379 oppressere
973 5329 1012 5338 -
1038 5289 1180 5372 Rufinus
1204 5292 1254 5368 10,
1270 5293 1322 5357 38.

398 5417 469 5460 cum
493 5417 570 5461 vero
594 5417 654 5460 neo
677 5396 737 5460 hoo
763 5403 959 5461 terrerentur
983 5444 1039 5460 ...
1063 5394 1191 5460 disolvit
1216 5432 1254 5441 -
1277 5394 1350 5459 11101.
1375 5394 1449 5475 trip.
1473 5391 1493 5458 l.
1509 5415 1536 5461 0.

396 5501 469 5566 luce
494 5521 569 5565 vero
594 5507 664 5565 orta
770 5501 871 5564 crucis
895 5499 1045 5563 salutaris
1069 5501 1219 5586 apparuit
1243 5537 1282 5545 -
1307 5497 1450 5579 Rufinus
1472 5500 1522 5575 10,
1542 5499 1593 5561 38.
1617 5496 1670 5558 39.

397 5605 455 5669 sed
480 5610 512 5668 et
533 5603 729 5670 Iudaeorum
753 5611 860 5670 vestes
964 5605 1057 5689 nigro
1081 5605 1189 5669 colore
1213 5605 1359 5688 signatae
1384 5639 1424 5650 ——
1446 5602 1520 5668 bist.
1545 5602 1620 5682 trip.
1643 5599 1662 5663 l.
1680 5620 1706 5663 0.
