4598 6300
510 1383 563 1477 V.
601 1382 837 1479 REGVM
877 1381 1357 1479 GENEALOGIAE
1393 1380 1536 1477 CVM
1573 1379 1907 1476 COMPVTO.

501 1609 724 1676 HISTORIA
746 1611 959 1678 BRITTON
963 1611 1040 1677 VM.

329 1735 364 1790 57
382 1730 514 1796 Woden
537 1733 650 1818 genuit
671 1733 800 1820 Beldeg

381 1837 494 1922 genuit
514 1835 662 1902 Beornee

381 1941 494 2024 genuit
517 1940 714 2006 Geehbrond

381 2045 493 2128 genuit
515 2043 639 2110 Aluson

341 2164 353 2203 ε
381 2149 494 2232 genuit
515 2147 638 2234 Inguee

381 2252 494 2335 genuit
516 2251 690 2318 Aedibrith

380 2356 493 2439 genuit
516 2354 600 2420 Ossa

381 2459 494 2542 genuit
516 2458 632 2525 Eobba

382 2563 495 2646 genuit
517 2561 578 2627 Ide

331 2679 356 2720 1⁰
383 2662 444 2728 Ida
466 2670 575 2729 autem
598 2664 770 2730 duodecim
794 2667 875 2731 filios
898 2666 1012 2730 habuit

385 2788 520 2853 quorum
542 2770 673 2834 nomina
696 2776 770 2835 sunt
791 2769 890 2834 Adde

384 2870 539 2936 Aedldrie

383 2974 524 3039 Deedric

382 3078 480 3143 Edric

331 3198 355 3237 1⁵
382 3184 549 3250 Deothere

383 3287 500 3353 Osmer

239 3395 245 3408 '
383 3397 418 3455 et
439 3412 535 3455 unam
559 3393 706 3478 reginam
728 3392 900 3457 Beamoeh

381 3494 489 3558 Eelrie

383 3597 513 3663 Ealdrie
535 3599 650 3684 genuit
671 3598 800 3664 Aelfret

330 3713 356 3754 ²⁰
381 3702 451 3788 ipse
476 3708 525 3766 eet
547 3702 706 3768 Aedlfred
727 3702 864 3767 Fleeaur

382 3825 458 3869 nam
483 3807 608 3892 etipse
631 3807 745 3871 habuit
767 3807 849 3871 filios
873 3811 997 3891 septem
1123 3805 1124 3808 ’

383 3929 519 3992 quorum
542 3911 672 3973 nomina
694 3915 769 3973 eunt
790 3907 907 3972 Anfrid

384 4010 530 4097 Osguald

383 4114 486 4180 Osbiu

330 4227 355 4268 ²⁵
384 4217 509 4304 Osguid

382 4321 518 4408 Osgudu

382 4427 500 4513 Oslapf

384 4530 459 4596 Offa

385 4632 511 4719 Osguid
534 4633 647 4718 genuit
669 4629 793 4695 Alcfrid

330 4744 356 4784 ³⁰
489 4743 523 4802 et
546 4735 700 4820 Aelfguin

488 4847 521 4905 et
542 4837 673 4904 Eehfird

382 4944 538 5030 Eehgfrid
561 4943 631 5028 ipse
656 4942 783 5026 estqui
806 4941 883 5006 feeit
905 4941 1027 5005 bellum
1049 4949 1161 5006 eontra

425 5047 613 5112 fratruelem
635 5066 738 5127 suum,
757 5047 810 5131 qui
834 5050 904 5109 erat
919 5065 978 5108 rex
993 5044 1159 5109 Pictorum

424 5153 554 5216 nomine
577 5149 689 5213 Birdei
713 5155 746 5213 et
768 5149 813 5213 ibi
836 5149 955 5212 corruit
977 5169 1049 5213 eum
1073 5151 1159 5215 omni

483 5399 545 5451 HK

484 5533 517 5588 12
535 5536 647 5589 eedldrie
660 5537 690 5587 K
792 5535 824 5587 19
842 5537 956 5588 eadlfred
971 5536 999 5586 K
1101 5537 1136 5589 20
1153 5539 1265 5591 eedlsred
1279 5539 1309 5589 Κ
1412 5539 1446 5593 23
1464 5541 1596 5607 osgualK
1690 5541 1724 5592 30
1741 5539 1866 5609 aelsguin]
1880 5541 1960 5606 1110,
1979 5542 2040 5594 aelf-

380 5621 508 5691 guunK¹
611 5621 646 5675 33
664 5623 800 5675 fratuelem
813 5622 844 5674 Κ
