4634 6286
1218 1125 1381 1191 ΝΕΝΝΙ
1385 1126 1437 1192 VS
1636 1127 1793 1193 NENNI
1797 1126 1850 1191 VS

1223 1229 1424 1314 (0²D²GL).
1543 1229 1945 1299 INTERPRETATVS.

1155 1349 1330 1434 Eulogium
1347 1351 1497 1417 brevissi-

1172 1474 1260 1517 mum
1283 1453 1484 1519 Brittanniae

1140 1557 1276 1638 insulae,
1300 1558 1386 1644 quod
1409 1560 1498 1626 Nen-

1153 1662 1223 1725 nius
1246 1661 1408 1749 Elvodugi
1431 1665 1496 1731 dis·
1673 1663 1809 1728 LIBER

1104 1797 1116 1834 a
1145 1765 1269 1851 cipulus
1285 1771 1504 1853 congregavit.
1575 1765 1855 1835 ΒΒΙΤΑΝΝΙΑΕ
1869 1765 1903 1850 ¹).

1208 1886 1280 1972 Ego
1294 1886 1325 1950 N
1327 1891 1439 1954 ennius
1451 1890 1505 1955 El·
1623 1890 1694 1975 Ego
1707 1889 1851 1952 Nennius
1863 1886 1918 1951 El·

1159 1989 1279 2076 vodugi
1317 1991 1491 2080 discipulus
1572 1993 1693 2078 vodugi
1731 1990 1904 2077 discipulus

1143 2093 1252 2178 aliqua
1262 2103 1418 2183 excerpta
1430 2100 1504 2163 scri·
1557 2094 1919 2184 aliquaexoerptasori-

1143 2197 1221 2262 bere
1261 2201 1384 2280 curari,
1420 2223 1503 2288 quae
1555 2200 1634 2265 bere
1676 2200 1799 2280 curavi,
1842 2199 1918 2283 quia

1093 2331 1118 2369 ιο
1144 2299 1300 2367 hebitudo
1313 2306 1419 2388 gentis
1431 2305 1503 2371 Bri·
1556 2303 1722 2370 hebetudo
1732 2301 1916 2388 gentisBri·

1155 2406 1284 2471 tanniae
1312 2406 1487 2490 deiecerat,
1556 2409 1686 2472 tanniuc
1710 2406 1916 2492 antiquitates

1138 2511 1213 2595 quia
1255 2510 1377 2575 nullam
1415 2513 1500 2599 peri-
1556 2517 1590 2575 et
1625 2511 1766 2596 origines
1795 2511 1916 2596 primo-

1170 2613 1247 2677 tiam
1286 2614 1470 2680 habuerunt
1554 2636 1625 2679 rum
1658 2613 1824 2678 bominum
1858 2611 1916 2676 cb-

1139 2738 1245 2804 neque
1280 2719 1380 2784 ullam
1412 2741 1501 2784 com·
1554 2718 1665 2783 liviuni
1696 2716 1787 2783 dedit
1809 2737 1916 2803 neque

1089 2848 1112 2885 rs
1154 2823 1422 2888 memorationem
1454 2824 1486 2887 in
1555 2825 1588 2888 in
1613 2822 1738 2908 scriptis
1761 2821 1915 2906 librisque

1137 2924 1226 2989 libris
1236 2933 1414 3012 posuerunt
1423 2927 1499 2992 doc·
1597 2930 1870 2991 commemoratae

1135 3033 1224 3092 tores
1258 3029 1342 3094 illius
1374 3030 1497 3096 insulae
1567 3036 1649 3094 sunt.
1696 3050 1758 3114 ego
1793 3033 1902 3093 autem

1156 3131 1354 3197 Britanniae.
1413 3153 1475 3218 ego
1552 3133 1741 3199 coacervari
1774 3133 1913 3217 antiqui-

1151 3241 1261 3300 autem
1294 3237 1483 3301 coacervari
1551 3243 1645 3318 tates,
1662 3256 1742 3322 quas
1757 3236 1865 3299 inreui
1880 3235 1914 3299 in

1085 3361 1111 3402 nc
1138 3359 1234 3404 omne
1269 3338 1357 3425 quod
1390 3340 1497 3404 inveni
1553 3340 1722 3404 annalibus
1750 3338 1913 3403 Romano-

1146 3451 1213 3507 tam
1242 3442 1283 3507 de
1316 3442 1485 3508 annalibus
1550 3467 1636 3526 rum,
1675 3443 1716 3508 de
1755 3443 1913 3507 chronicis

1134 3546 1356 3613 Romanorum
1401 3567 1497 3632 quam
1552 3555 1734 3612 sanctorum
1771 3553 1911 3632 patrum,

1135 3650 1176 3715 de
1206 3651 1341 3716 cronicis
1369 3657 1496 3714 sancto·
1550 3652 1584 3717 id
1597 3659 1648 3716 est
1657 3650 1782 3733 Isidori,
1792 3649 1911 3715 Hiero-

1136 3776 1206 3819 mm
1230 3759 1367 3840 patrum,
1390 3753 1424 3817 id
1449 3759 1498 3817 est
1550 3757 1639 3842 nymi
1650 3754 1794 3837 Eusebii‚
1807 3753 1838 3816 in
1855 3774 1912 3816 un·

1084 3879 1110 3919 as
1136 3856 1329 3944 Hieronymi
1352 3856 1497 3937 ursacii,
1564 3859 1692 3923 nulibus
1730 3857 1896 3921 Saxonum

1138 3961 1264 4044 Isidori,
1290 3961 1441 4046 Prosperi
1465 3966 1498 4024 et
1573 3961 1823 4046 Scottorumque
1858 3967 1892 4024 ct

1136 4066 1177 4130 de
1206 4065 1375 4130 annalibus
1403 4063 1496 4129 Scot-
1554 4088 1634 4153 quas
1656 4065 1764 4130 inveni
1788 4085 1831 4129 ex
1846 4069 1911 4128 tra·

1135 4176 1242 4234 torum
1266 4168 1496 4254 Senonumque
1582 4170 1701 4235 ditione
1736 4173 1883 4233 veterum

1136 4279 1170 4338 ot
1191 4294 1235 4338 ex
1250 4270 1422 4337 traditione
1439 4292 1495 4336 ue·
1549 4280 1740 4340 nostrorum.

1084 4398 1110 4437 sc
1152 4383 1257 4442 terum
1292 4382 1484 4441 nostrorum.

1139 4479 1226 4566 quod
1241 4479 1334 4544 multi
1350 4479 1499 4544 doctores

1139 4589 1237 4670 atque
1270 4584 1392 4648 librarii
1422 4583 1498 4647 scri-

1139 4690 1218 4754 bere
1248 4692 1498 4772 temptaverunt,

1151 4794 1260 4858 nescio
1297 4812 1359 4878 quo
1394 4799 1490 4877 pacto

1087 4915 1112 4954 c
1156 4896 1315 4960 difficilius
1345 4895 1483 4980 relique·

1155 5005 1242 5080 runt,
1277 5020 1318 5062 an
1351 5005 1484 5085 propter

258 5058 462 5067 ——-..--

296 5179 297 5184 ,
362 5140 501 5191 buxude
524 5138 601 5191 inser.
625 5140 715 5207 incipit
736 5141 868 5208 eulogium
891 5142 916 5191 b.
940 5141 964 5190 b.
983 5141 999 5189 i.
1019 5158 1043 5206 q.
1068 5139 1179 5190 nennius
1203 5139 1318 5204 (ninnius
1333 5137 1380 5202 0²)
1399 5155 1420 5190 a.
1444 5139 1586 5205 discipulus
1608 5135 1667 5203 (om.
1683 5140 1719 5203 G)
1744 5139 1914 5205 congregavit

259 5225 379 5290 (ΡΜ,
404 5227 495 5293 incipit
517 5226 636 5292 apologia
658 5227 755 5278 namnii
780 5227 909 5278 britonum
932 5226 1104 5292 historiografi
1129 5225 1219 5291 incipit
1241 5225 1347 5275 historia
1370 5223 1441 5290 (mut.
1465 5226 1493 5274 in
1519 5223 1650 5287 historica)
1670 5226 1807 5291 ortografra
1824 5226 1914 5277 muudi

257 5330 336 5364 mauu
352 5313 493 5380 posteriora
510 5312 538 5362 iu
559 5312 676 5379 nsurpinc
690 5313 727 5364 0²
744 5313 907 5379 rimaturque
930 5312 1021 5378 incipit
1042 5312 1163 5380 apologia
1184 5312 1273 5363 neunii
1297 5312 1427 5363 britonum
1452 5312 1621 5377 historiografi
1639 5313 1724 5379 gantis
1748 5312 1877 5364 britonum
1890 5313 1915 5364 L

256 5395 692 5466 olteluodugi1sancu01bodib
793 5397 827 5450 24
846 5401 872 5452 id
889 5407 929 5453 ast
946 5439 951 5450 .
967 5436 993 5450 ..
1012 5397 1047 5451 26
1064 5397 1178 5466 prosperi
1196 5413 1243 5448 orn.
1257 5396 1283 5447 L
1299 5394 1344 5464 (cf.
1360 5415 1389 5463 p.
1402 5397 1458 5464 125)
1556 5395 1589 5449 27
1607 5396 1757 5467 annalibus]
1777 5399 1915 5472 scriptisL

256 5483 291 5541 28
308 5482 497 5553 saxonumque]
516 5488 705 5554 anglorumque
716 5485 741 5536 L

364 5605 384 5677 ¹)
404 5604 498 5658 ‘Potest
514 5607 573 5664 item
589 5607 653 5662 verti
670 5607 735 5659 liber
752 5608 934 5667 Britannicus.
970 5606 1090 5662 ffimmer·
