4634 6286
907 1461 994 1558 rv.
1027 1408 1186 1558 vnn
1220 1461 1485 1559 cinnas.

657 1700 906 1779 AVCTORE
942 1701 1237 1780 CARADOOO
1273 1701 1736 1783 LANOARBANENSI.

468 1898 543 1963 Nau
572 1899 631 1963 fuit
658 1918 718 1962 rex
750 1895 879 1962 Scotiaa
908 1898 1123 1964 nobilissimus
1150 1919 1265 1984 regum
1288 1898 1534 1984 aquilonalium,
1564 1900 1618 1985 qui
1640 1899 1775 1964 XXIIII
1799 1899 1881 1965 filios
1903 1898 2019 1964 habuit
2042 1903 2055 1962 1

365 2005 504 2069 victores
527 2002 716 2085 bellicosos,
741 2023 876 2088 quorum
900 2023 982 2067 unus
1003 2001 1231 2068 nominabatur
1253 2001 1384 2086 Gildas,
1416 2023 1512 2089 quem
1542 2009 1696 2088 parentes
1718 2004 1767 2068 sui
1790 2005 2021 2068 commiserunt

365 2106 469 2172 studIo
493 2107 681 2171 litterarum.
725 2125 807 2190 puer
828 2104 934 2170 bonae
957 2105 1074 2170 indolis
1098 2111 1132 2169 et
1154 2104 1315 2170 studiosus
1338 2107 1445 2170 floruit
1465 2106 1612 2192 ingenio,
1641 2105 1792 2193 quioquid
1824 2106 1978 2171 audiebat
2001 2127 2021 2170 a

365 2212 530 2296 magistro,
553 2208 830 2275 commemorabat
845 2208 1101 2295 diligentissime,
1124 2229 1185 2274 nec
1207 2208 1363 2274 laedebat
1385 2210 1515 2274 oblivio.
1561 2209 1683 2275 studuit
1705 2210 1866 2276 studiosus
1890 2208 2019 2274 assidue

238 2391 249 2404 f
328 2337 339 2376 s
366 2316 450 2380 inter
472 2320 582 2380 suates
603 2315 636 2378 in
659 2313 780 2377 artibus
803 2319 944 2399 septem,
970 2313 1073 2378 donec
1096 2314 1244 2399 pervenit
1267 2313 1309 2378 ad
1332 2314 1552 2398 iuventutem,
1583 2315 1659 2380 dum
1682 2315 1807 2380 iuvenis
1830 2314 1934 2380 factus
1957 2314 2020 2379 cito

367 2419 510 2485 deseruit
531 2419 710 2504 regionem.
755 2416 991 2483 Transfretavit
1005 2437 1095 2482 mare
1112 2415 1282 2501 Gallicum,
1304 2417 1338 2482 in
1361 2418 1543 2483 civitatibus
1560 2417 1687 2485 Galliae
1710 2421 1865 2484 remansit
1887 2418 2020 2484 studens
2039 2419 2058 2480 2

367 2524 488 2609 optime
519 2523 624 2608 spatio
640 2520 707 2586 VII
734 2542 890 2586 annorum
920 2528 954 2586 et
982 2523 1016 2587 in
1043 2521 1180 2587 termino
1209 2522 1339 2607 septimi
1369 2523 1443 2586 anni
1471 2544 1544 2587 cum
1566 2545 1687 2610 magna
1708 2525 1795 2590 mole
1821 2523 2021 2589 diversorum

365 2627 564 2692 volumInum
586 2626 744 2690 remeavit
772 2625 814 2689 ad
843 2627 1000 2690 maiorem
1022 2625 1247 2691 Brittanniam.
1293 2625 1404 2690 audita
1426 2625 1514 2690 fama
1545 2625 1751 2692 famosissimi
1774 2627 1921 2693 advenae
1945 2648 2021 2692 con-

366 2731 528 2795 fluxerunt
550 2729 592 2794 ad
616 2749 690 2793 eum
713 2729 853 2793 scolares
876 2728 1005 2814 plurimi
1027 2727 1179 2815 undique,
1204 2729 1375 2795 audierunt
1398 2729 1439 2794 ab
1459 2750 1498 2795 eo
1513 2729 1580 2796 VH
1596 2729 1838 2819 disciplinarum
1852 2732 2020 2797 scientiam

314 2862 340 2902 ro
367 2835 587 2917 subtilissime,
619 2831 705 2897 unde
738 2852 781 2896 ex
811 2830 974 2918 discipulis
1004 2834 1150 2918 magistri
1178 2831 1286 2898 affecti
1314 2840 1388 2898 sunt
1416 2833 1475 2898 sub
1505 2835 1686 2920 magistrali
1712 2835 1845 2900 honore.
1890 2834 2058 2922 Religio3

366 2937 594 3024 sapientissimi
616 2936 755 3001 doctoris
777 2936 1047 3021 magnificabatur
1070 2942 1104 3001 et
1127 2936 1382 3002 conlaudabatur
1409 2937 1443 3002 in
1465 2943 1589 3002 tantum
1613 2960 1634 3003 a
1654 2939 1895 3026 Britannigenis
1919 2939 2020 3004 omni-

365 3041 442 3125 bus,
475 3042 562 3129 quod
584 3061 644 3106 uec
666 3062 726 3126 par
748 3041 779 3105 ei
801 3040 1027 3106 inveniebatur
1048 3060 1109 3105 nee
1131 3046 1261 3126 poterat
1283 3041 1419 3106 inveniri
1452 3063 1510 3127 pro
1538 3042 1602 3106 suis
1626 3044 1748 3108 meritis
1773 3043 2020 3108 excellentibus.

366 3145 532 3211 ieiunabat
553 3151 589 3209 ut
611 3144 770 3209 heremita
792 3142 965 3209 Antonius:
990 3144 1105 3208 orabat
1126 3145 1175 3208 vir
1196 3145 1455 3230 religiosissimus
1484 3145 1586 3210 cilicio
1609 3147 1754 3213 indutus:
1788 3145 1938 3234 quicquid
1962 3146 2019 3210 da-

365 3250 462 3315 batur
484 3251 525 3334 ei,
549 3250 699 3314 continuo
722 3247 933 3334 impendebat
954 3247 1161 3333 pauperibus.
1207 3248 1392 3314 abstinebat
1408 3269 1443 3313 se
1459 3271 1479 3313 a
1493 3249 1601 3315 lactea
1618 3248 1788 3315 dulcedine
1813 3256 1847 3314 et
1868 3271 1889 3315 a
1910 3250 2020 3333 melle,

315 3382 339 3421 rs
367 3374 441 3418 caro
466 3353 526 3418 fuit
546 3354 580 3418 in
603 3352 688 3435 odio,
711 3352 864 3417 fontanae
887 3351 1009 3416 herbae
1033 3352 1141 3438 potius
1163 3352 1195 3416 in
1218 3372 1339 3436 amore,
1362 3373 1480 3439 panem
1504 3352 1689 3418 ordeieeum
1713 3354 1907 3419 comedebat
1931 3374 2020 3418 com-

366 3458 504 3523 mixtum
527 3458 646 3540 cinere,
669 3456 835 3521 fontanam
858 3477 976 3542 aquam
998 3455 1134 3521 bibebat
1156 3455 1285 3522 cotidie.
1330 3457 1449 3521 balnea
1469 3477 1534 3521 uon
1549 3457 1701 3542 iutrabat,
1719 3458 1806 3544 quod
1822 3457 2018 3544 diligebatur

366 3582 387 3626 a
409 3582 468 3626 sua
495 3567 593 3647 gente
622 3560 774 3625 maxime.
824 3560 945 3625 macies
973 3560 1156 3646 apparebat
1181 3561 1214 3626 in
1242 3559 1339 3644 facie,
1364 3561 1456 3647 quasi
1487 3561 1618 3647 quidam
1641 3560 1828 3627 febricitans
1850 3560 2022 3627 videbatur

367 3665 566 3750 gravissime.
611 3664 775 3729 fiuvialem
797 3685 915 3750 aquam
937 3665 1057 3729 intrare
1069 3653 1209 3729 'solebat
1230 3664 1340 3729 media
1355 3671 1460 3749 nocte,
1476 3664 1533 3729 ubi
1553 3665 1709 3730 manebat
1723 3665 1893 3749 stabilitus,
1918 3664 2022 3731 donec

368 3766 529 3834 diceretur
559 3768 601 3833 ab
634 3769 706 3855 ipso
740 3774 791 3832 ter
823 3769 925 3833 orati0
956 3767 1125 3833 dominica.
1185 3767 1235 3833 his
1262 3769 1403 3854 peractis
1430 3769 1603 3855 repetebat
1634 3790 1726 3834 suum
1755 3769 1946 3853 oratorium,
1977 3769 2024 3834 ibi

315 3898 341 3939 ro
368 3874 527 3940 exorabat
554 3893 641 3959 genu
667 3872 829 3937 flectendo
858 3872 999 3939 divinam
1021 3873 1228 3937 maiestatem
1257 3893 1360 3960 usque
1391 3872 1478 3937 diem
1501 3873 1632 3940 clarum.
1679 3874 1862 3940 dormiebat
1884 3872 2022 3957 modice,

366 3978 496 4043 iacebat
518 3998 617 4063 supra
639 3983 767 4063 petram
782 3977 918 4043 restitus
933 3976 1134 4042 solummodo
1150 3998 1215 4042 uua
1230 3983 1333 4044 veste.
1377 3978 1596 4044 manducabat
1618 3979 1686 4045 sine
1704 3980 1872 4045 saturitate
1888 3979 2024 4043 satiatus

366 4088 491 4147 tantum
505 4081 660 4147 metando
675 4081 857 4168 praemium
874 4083 1027 4165 caeleste,
1044 4082 1199 4147 caelestia
1214 4083 1360 4169 praemia
1375 4088 1468 4147 erant
1483 4084 1514 4148 ei
1529 4084 1563 4148 in
1579 4083 1751 4148 desiderio.
1794 4081 2023 4169 Praecipiebat
2042 4083 2062 4142 4

366 4207 536 4274 spernere,
565 4185 774 4250 ammonebat
797 4186 965 4273 despicere
993 4207 1076 4272 quae
1100 4193 1267 4251 transeunt
1289 4187 1323 4251 in
1345 4193 1529 4264 momento;
1557 4186 1762 4273 praedicator
1792 4192 1862 4252 erat
1885 4185 2022 4252 clarissi-

366 4312 436 4357 mus
458 4312 519 4378 per
542 4291 604 4356 tria
624 4311 727 4377 regna
748 4290 951 4370 Britanniae;
975 4311 1071 4377 reges
1094 4291 1254 4357 timebant
1276 4292 1464 4374 timendum,
1489 4292 1539 4357 cui
1564 4289 1763 4356 obediebant
1779 4288 1890 4356 audita
1905 4310 2022 4376 accep-

316 4421 341 4463 rs
368 4395 460 4460 tabili
483 4415 542 4459 sua
563 4393 815 4482 praedicatione.
859 4394 1071 4483 praedicabat
1101 4396 1187 4460 omni
1210 4396 1371 4461 dominica
1399 4395 1487 4481 apud
1509 4396 1704 4461 maritimam
1728 4394 1914 4477 ecclesiam,
1938 4413 2021 4480 quae

368 4504 433 4563 stat
460 4499 495 4564 in
522 4498 701 4584 PepidIauc
728 4500 878 4585 regione,
909 4501 943 4565 in
974 4506 1122 4586 tempore
1157 4498 1269 4564 Tritini
1297 4501 1400 4585 regis,
1433 4499 1659 4565 innumerabili
1689 4498 1893 4563 multitudine
1916 4497 2023 4584 plebis

366 4603 457 4667 illum
480 4601 649 4686 audiente,
674 4608 708 4668 et
732 4603 809 4668 dum
830 4603 989 4690 inciperet
1010 4603 1216 4692 praedicare,
1240 4610 1369 4669 retenta
1400 4611 1450 4669 est
1472 4625 1538 4670 vox
1565 4603 1815 4691 praedicationis
1838 4604 1871 4668 in
1893 4600 2023 4690 praedi·

368 4712 478 4791 cante,
501 4706 588 4771 unde
610 4707 704 4794 plebs
727 4710 899 4774 ammirato
922 4716 972 4775 est
993 4710 1089 4776 valde
1112 4730 1172 4797 pro
1202 4709 1385 4774 admirabili
1413 4710 1605 4775 retentione.
1652 4713 1782 4773 sanctus
1806 4704 1920 4772 Gildas
1942 4704 2022 4770 illud

368 4811 571 4899 comperiens
603 4812 772 4898 praecepit
806 4813 955 4879 omnibus
986 4813 1166 4879 astantibus
1198 4814 1304 4896 exire,
1327 4819 1363 4878 ut
1397 4820 1509 4900 posset
1539 4814 1636 4896 scire,
1667 4819 1774 4878 utnrm
1802 4831 1863 4898 per
1884 4811 2026 4898 abquem

317 4941 343 4981 ro
370 4916 498 4982 illorum
521 4914 622 4980 fiebat
642 4915 910 5001 impedimentum
932 4917 1183 5004 praedicationis
1206 4917 1350 5000 dinnao,
1372 4937 1433 4982 nec
1457 4918 1556 4983 etiam
1577 4922 1652 5004 post
1673 4915 1890 4982 recessionem
1913 4934 2025 4979 eorum

368 5021 474 5108 potuit
495 5017 696 5107 praedicare.
739 5021 952 5106 interrogarit
973 5027 1106 5108 postea,
1135 5023 1161 5086 si
1184 5023 1299 5108 aliquis
1321 5022 1374 5086 vel
1404 5023 1513 5111 aliqua
1536 5029 1623 5088 esset
1651 5023 1684 5086 in
1709 5019 1845 5086 eeclesia
1875 5021 2026 5086 latenter.

471 5211 666 5279 Bfwmr'cow)
685 5209 942 5279 0(anabrtqima).·
958 5211 1015 5265 vica
1032 5229 1114 5279 ΝΜ
1127 5231 1158 5281 1²·
1171 5219 1196 5267 4.

470 5332 488 5386 2
505 5343 612 5405 parente
623 5335 650 5387 Β
719 5332 849 5402 bescatas]
868 5334 905 5387 ric
916 5333 971 5402 ΒΟ,
989 5341 1062 5388 ustor
1074 5335 1130 5388 cod
1142 5335 1227 5403 rapias
1239 5337 1279 5388 13.
1292 5334 1325 5389 Β.
1341 5335 1401 5388 VII
1409 5335 1555 5389 coniectare
1625 5332 1640 5386 ‘l
1659 5335 1778 5388 terminio
1790 5333 1816 5386 B
1895 5333 1928 5387 19
1946 5335 2027 5386 disco-

368 5429 438 5475 rotur
449 5421 475 5474 Β
543 5440 620 5476 suum
638 5439 687 5475 cm.
701 5421 740 5474 0·
837 5419 872 5475 22
888 5419 999 5490 lantum]
1017 5429 1074 5476 tum
1084 5422 1111 5474 Β
1213 5419 1248 5475 24
1265 5423 1387 5476 obediant
1400 5423 1439 5476 0·
1537 5419 1572 5476 25
1589 5419 1725 5488 dominica]
1744 5423 1767 5474 d.
1787 5421 1863 5475 dicO
1929 5422 2025 5474 mariti·

368 5511 480 5564 maniam
492 5508 518 5561 B
619 5508 654 5562 26
671 5511 796 5563 ursonio
862 5511 945 5584 plebia
963 5527 1012 5562 om.
1027 5509 1068 5563 G·
1170 5506 1204 5561 27
1222 5510 1268 5563 illo
1280 5509 1331 5563 Bc
1431 5507 1466 5562 29
1484 5511 1602 5578 operiens
1614 5509 1666 5562 Bc
1764 5507 1797 5562 31
1817 5507 1872 5578 nal]
1891 5509 1975 5562 auto

1769 5602 1821 5657 14·
