4634 6286
385 365 444 427 116
479 351 480 354 ‘
1003 355 1176 412 nrsronm
1198 353 1417 411 enrrrouvu

383 556 577 621 quamquam
601 532 770 620 probabile
794 537 843 596 est
872 532 1016 596 extitisse
1040 531 1168 594 saeculo
1193 530 1330 616 septimo
1356 535 1514 610 exeunte,
1543 528 1626 592 hanc
1653 537 1778 614 partem
1810 531 1948 595 diximus
1981 532 2042 597 ab·

352 637 355 640 “
384 662 456 706 esse
486 661 507 703 a
540 641 645 703 forma
676 639 745 702 eius
773 636 999 702 vetustissima.
1050 634 1167 700 deinde
1197 635 1332 720 scriptor
1360 632 1526 698 Romanus
1555 633 1582 697 si
1610 633 1799 698 Britannum
1828 643 1957 700 secutus
1979 645 2041 718 est,

383 745 541 808 rationem
570 743 685 823 habet,
717 741 804 826 qnod
834 761 939 826 papae
967 760 1084 804 nomen
1113 739 1263 820 mutarit,
1296 739 1363 802 sive
1386 736 1612 802 Eucharistum
1644 737 1796 803 traditum
1826 743 1962 826 accepit,
1987 743 2043 828 qui

383 848 488 913 nullus
509 848 583 930 fuit,
612 848 680 911 sive
709 843 907 926 Euaristum,
936 864 1032 930 quem
1055 850 1204 928 tempora
1227 841 1416 912 excludunt:
1444 847 1478 905 at
1505 862 1560 905 cur
1587 841 1810 908 Eleutherium
1838 845 2042 928 potissimum

384 953 594 1033 substituerit,
618 971 716 1014 cansa
737 949 825 1014 nulla
841 955 992 1035 apparet,
1016 967 1088 1012 oum
1111 967 1212 1010 annus
1240 949 1298 1011 167
1323 945 1365 1010 ad
1388 945 1536 1009 Soterem
1561 944 1694 1010 duceret
1710 946 1898 1032 episcopum
1914 948 2042 1014 Romae

383 1054 560 1121 secundum
583 1059 749 1140 receptam
773 1053 1015 1137 chronologiam
1039 1073 1067 1115 a.
1089 1053 1267 1116 162-170.
1312 1070 1330 1114 e
1354 1051 1514 1114 contrario
1536 1056 1650 1114 auctor
1670 1049 1844 1114 Britannus
1871 1053 1897 1116 si
1919 1051 2043 1117 Boma-

383 1182 459 1224 num
487 1166 615 1224 secutus
645 1164 710 1239 est,
738 1156 791 1221 hio
818 1157 907 1220 locus
937 1176 1012 1241 pars
1043 1160 1093 1218 est
1123 1154 1314 1218 narrationis
1343 1153 1383 1218 dc
1414 1160 1539 1240 septem
1570 1155 1622 1218 vel
1649 1173 1766 1218 novem
1793 1155 2043 1242 imperatoribus

384 1265 416 1330 in
439 1264 638 1328 Britanniam
666 1260 829 1347 proiectis,
853 1259 1076 1344 habemusque
1099 1259 1132 1322 in
1156 1277 1196 1321 ea
1226 1258 1304 1322 item
1329 1255 1517 1322 Cercusium
1547 1258 1666 1321 sactum
1691 1257 1856 1324 Garutium
1880 1269 1913 1325 et
1932 1261 2042 1335 ¹Maxi-

384 1389 471 1432 mum
505 1366 650 1431 Gratiani
684 1364 901 1430 adversarium
940 1363 1172 1427 Maximianum
1207 1363 1387 1448 similiaque
1419 1362 1528 1447 plura,
1565 1367 1601 1425 ut
1640 1362 1743 1426 subsit
1777 1385 1884 1429 rerum
1919 1365 2043 1430 Boma-

384 1492 498 1535 narum
519 1470 633 1535 notitia
654 1470 772 1554 aliqua,
796 1465 855 1531 sed
877 1467 1064 1530 memoriter
1086 1471 1213 1528 retenta
1237 1471 1270 1528 et
1293 1464 1482 1551 perturbata
1506 1469 1584 1527 tota.
1630 1465 1788 1530 eiusmodi
1811 1470 1934 1533 auctori
1949 1477 2040 1534 recte

387 1574 548 1656 convenit,
572 1573 659 1658 quod
682 1571 907 1636 Eleutherium
931 1571 964 1633 in
978 1569 1203 1634 Eucharistum
1221 1568 1447 1633 Euaristumre
1470 1567 1607 1632 mutavit
1629 1573 1663 1631 et
1684 1589 1742 1655 pro
1758 1571 1849 1634 annis
1865 1571 2045 1638 Eleutherii

391 1680 557 1742 171—185
580 1674 744 1740 substituit
767 1695 885 1738 annum
913 1677 982 1738 167.
1029 1679 1226 1759 quapropter
1241 1673 1362 1736 reiecta
1378 1672 1528 1736 Zimmeri
1552 1672 1712 1735 sententia
1727 1678 1763 1736 ut
1778 1676 1868 1759 origo
1884 1677 2043 1740 narratio-

388 1782 437 1844 nis
461 1781 590 1844 omnino
613 1778 786 1844 referenda
809 1785 859 1842 est
881 1777 924 1841 ad
946 1777 1174 1841 Britannorum
1198 1782 1319 1840 sectam
1344 1775 1552 1856 catholicam,
1576 1777 1622 1838 ita
1643 1776 1676 1839 in
1699 1776 1815 1842 librum
1839 1799 1934 1865 quem
1958 1786 2044 1844 trao-

335 1879 337 1884 ’
387 1890 492 1948 tamus
513 1891 695 1971 propagata
717 1883 846 1950 videtur
869 1903 940 1946 esse
965 1903 1007 1946 ex
1030 1882 1193 1946 volumine
1209 1879 1384 1966 pontificali
1400 1879 1588 1943 memoriter
1603 1879 1757 1945 adhibito.
1781 1919 1823 1929 —-
1846 1883 1900 1946 Ad
1915 1883 2072 1948 Bedam'

387 1989 474 2075 quod
496 1990 625 2071 attinet,
648 1995 818 2074 utramque
842 1987 1061 2051 narrationem
1083 1985 1190 2066 novit,
1215 1989 1344 2048 secutus
1367 1988 1416 2046 est
1439 1983 1638 2067 potissimum
1670 1984 1787 2049 librum
1815 1986 2045 2071 pontificalem,

387 2113 484 2179 quem
506 2094 626 2178 passim
652 2092 814 2173 adhibuit,
839 2090 952 2156 sedin
975 2089 1088 2154 tabula
1111 2088 1339 2172 chronologica
1360 2086 1491 2151 retinuit
1513 2106 1631 2152 annum
1653 2089 1818 2154 relationis
1839 2089 2044 2156 Britannicae

387 2218 450 2261 non
473 2196 732 2262 animadvertens
755 2195 914 2280 refragari
937 2196 968 2259 ei
991 2214 1074 2258 anno
1098 2191 1278 2258 Eleutherii
1301 2191 1508 2254 mentionem.

491 2301 617 2365 Patrios
646 2301 819 2385 scriptores
847 2298 1031 2362 adhibuisse
1059 2317 1094 2362 se
1125 2302 1237 2361 auctor
1265 2315 1371 2381 neque
1399 2296 1445 2358 ait
1473 2314 1579 2379 neque
1608 2301 1706 2379 negat
1740 2317 1896 2382 nusquam
1925 2298 2045 2364 diserte

387 2425 567 2489 provocans
603 2404 646 2468 ad
681 2405 800 2488 scripta
829 2403 896 2467 sive
927 2402 1046 2466 Latina
1077 2402 1143 2465 sive
1172 2399 1297 2464 Celtica
1327 2400 1458 2484 originis
1487 2398 1702 2462 Britannicae.
1762 2421 1846 2484 quae
1876 2409 2048 2468 narrantur

390 2529 415 2572 c.
433 2513 557 2572 13-15
582 2507 623 2572 de
646 2506 892 2591 migrationibus
914 2506 947 2570 in
969 2505 1160 2570 Hiberniam
1183 2503 1401 2585 Partholomi,
1424 2501 1570 2566 Nimcthi
1593 2501 1785 2586 Agnominis
1808 2505 1880 2585 filii,
1909 2507 2048 2571 liliorum

389 2613 498 2677 militis
521 2611 670 2696 Hispani,
692 2609 933 2690 Damhoctoris,
957 2609 1097 2694 denique
1122 2608 1162 2672 de
1179 2607 1361 2672 Scottorum
1386 2607 1509 2691 origine
1533 2605 1692 2692 Scythica,
1717 2627 1756 2670 ea
1779 2605 1873 2672 docte
1898 2614 1931 2672 et
1953 2617 2047 2673 acute

390 2715 570 2780 Zimmerus
592 2737 623 2801 p.
642 2719 703 2780 215
717 2735 784 2800 seq.
809 2713 1041 2778 demonstravit
1062 2712 1221 2800 proficisci
1252 2731 1294 2776 ex
1323 2711 1457 2777 vetustis
1488 2711 1605 2775 fabulis
1629 2717 1662 2774 et
1684 2709 1790 2776 redire
1814 2712 1882 2776 iere
1906 2714 1937 2777 in
1961 2719 2046 2779 trao-

390 2824 474 2901 tatu,
505 2839 602 2905 quem
631 2818 804 2898 habemus,
835 2817 936 2880 Labor·
969 2814 1095 2880 Gabala
1122 2817 1189 2880 sive
1211 2816 1293 2880 libro
1317 2815 1552 2900 occupationis;
1577 2813 1636 2894 sed
1658 2814 1799 2880 ostendit
1821 2816 1914 2881 simul
1944 2817 1977 2881 in
2006 2839 2046 2882 eo

391 2924 509 3009 scripto
533 2928 640 2987 aetate
672 2922 807 2986 multum
836 2920 1016 3005 posteriore
1045 2919 1112 3004 legi
1133 2921 1302 2983 immutata
1332 2924 1365 2983 et
1392 2919 1495 2983 forma
1518 2918 1708 2983 recentiore.
1754 2918 1841 2983 idem
1868 2919 2046 2985 Zimmerus

392 3026 479 3112 quod
509 3025 675 3092 contendit
701 3047 733 3112 p.
756 3028 899 3110 225seq.
923 3025 1027 3088 locum
1062 3022 1102 3088 de
1138 3043 1198 3087 sax
1232 3023 1393 3088 aetatibus
1421 3028 1455 3086 ct
1481 3022 1626 3107 gentium
1660 3028 1833 3087 stemmata
1863 3030 1896 3087 et
1924 3026 2050 3111 reliqua

390 3130 459 3196 lere
484 3151 566 3218 quae
590 3131 744 3195 historiae
768 3135 861 3214 parte
883 3129 991 3214 priore
1014 3128 1217 3192 continentur
1239 3127 1345 3192 redire
1368 3128 1401 3191 in
1423 3131 1561 3190 tractatu
1585 3127 1687 3190 altero
1710 3125 1886 3192 Hiberniae
1903 3129 2046 3193 eiusdem

391 3237 518 3317 aetatis,
543 3235 583 3300 de
608 3255 648 3300 eo
670 3256 735 3298 non
759 3235 863 3302 solum
886 3232 920 3297 id
941 3233 1046 3317 ipsum
1068 3233 1166 3313 valet,
1190 3231 1276 3316 quod
1300 3231 1341 3295 de
1364 3231 1446 3295 libro
1471 3231 1690 3316 occupationis
1713 3230 1964 3312 observavimus,
1989 3231 2048 3296 sed

391 3360 590 3426 magnopere
613 3359 738 3421 vercor,
761 3358 802 3402 ne
828 3338 980 3423 quicum
1003 3341 1175 3401 tractatum
1199 3336 1422 3415 confecerunt,
1446 3335 1516 3421 ipsa
1538 3335 1600 3398 hac
1622 3335 1756 3398 historia
1780 3335 1829 3400 usi
1857 3337 1920 3400 sint
1943 3356 2047 3421 eaque

391 3463 596 3530 nequaquam
632 3443 737 3507 forma
770 3442 950 3527 primitiva,
985 3441 1043 3504 sed
1077 3440 1214 3504 fortasse
1248 3459 1304 3520 ea,
1338 3458 1435 3523 quam
1471 3459 1491 3501 a
1524 3437 1651 3502 Nennio
1686 3437 1816 3502 demum
1846 3440 2049 3524 recognitore

391 3568 475 3612 saco.
495 3545 579 3610 Vlll
604 3547 753 3612 exeuntis
777 3546 912 3630 accepit,
936 3546 1003 3609 sive
1018 3543 1135 3608 Latina
1157 3544 1225 3607 sive
1241 3542 1418 3607 Hiberniae
1434 3561 1538 3605 versa.
1580 3547 1668 3605 certe
1692 3542 1907 3626 suspicionem
1929 3549 2050 3624 movet,

394 3651 480 3736 quod
497 3649 628 3738 quartus
643 3651 771 3734 Ncguie
794 3650 878 3713 filius
894 3648 1055 3732 Turingus
1077 3652 1113 3710 ut
1135 3648 1168 3710 in
1190 3647 1323 3711 huiusce
1346 3645 1567 3709 commentarii
1589 3645 1678 3709 libris
1700 3666 1732 3730 p.
1754 3648 1858 3728 160,b
1883 3647 1928 3710 ita
1951 3649 2049 3711 etiam

392 3757 426 3819 in
442 3760 582 3819 tractatu
596 3753 651 3818 illo
670 3752 880 3834 desideratur,
898 3773 970 3817 oum
986 3751 1094 3816 adsint
1109 3752 1162 3836 qui
1183 3751 1224 3815 ab
1241 3771 1281 3815 so
1297 3747 1498 3813 descendunt
1513 3748 1656 3834 Turingi,
1673 3750 1750 3813 item
1771 3750 1857 3835 quod
1871 3751 2048 3835 Zorastres,

269 3921 275 3928 .
394 3879 491 3945 quem
512 3880 544 3944 p.
566 3863 634 3939 151,
653 3861 693 3921 20
717 3857 878 3922 aNennio
903 3855 945 3920 ad
968 3857 1134 3940 antiquum
1157 3861 1296 3944 stemma
1319 3853 1481 3917 adiectum
1505 3875 1577 3918 esse
1601 3860 1736 3935 constat,
1760 3853 1854 3917 adest
1876 3855 1908 3917 in
1932 3854 2048 3919 eodem

394 3969 534 4028 nacmtn
556 3968 725 4049 cormptus
746 3963 779 4025 in
802 3965 865 4025 tres
880 3959 1082 4024 vocabulum.

498 4067 621 4132 Rerum
644 4066 863 4130 Romanarum
886 4065 1062 4129 relationes
1085 4069 1118 4126 et
1140 4063 1261 4148 patrias
1290 4063 1489 4127 narrationes
1513 4061 1675 4149 quomodo
1699 4068 1811 4126 auctor
1834 4063 2051 4147 composuerit

395 4171 638 4256 miscueritque,
666 4170 731 4233 iam
761 4175 836 4254 post
863 4169 1030 4233 inventum
1060 4165 1205 4230 codicem
1235 4164 1461 4249 Carnutinum,
1492 4166 1533 4230 de
1563 4187 1625 4252 quo
1652 4165 1736 4230 iufra
1759 4165 1899 4246 dicetur,
1922 4186 1987 4229 non
2010 4185 2053 4229 ex

396 4276 466 4339 sola
488 4275 686 4358 coniectura,
710 4273 769 4337 sed
803 4292 846 4336 ex
875 4272 975 4357 ipsius
1004 4270 1105 4335 libelli
1133 4270 1243 4334 formis
1272 4268 1405 4334 diversis
1429 4271 1594 4334 efficietur.
1641 4275 1752 4332 auctor
1773 4270 1944 4355 primarius
1966 4267 2052 4332 Brit-

396 4385 508 4443 tonum
535 4379 693 4462 originem
723 4375 864 4462 applicat
900 4374 943 4440 ad
969 4375 1159 4439 laterculum
1192 4373 1282 4438 illum
1316 4373 1521 4456 Francicnm,
1556 4373 1734 4458 principem
1765 4393 1877 4438 eorum
1907 4381 2051 4438 statuens

396 4483 577 4548 Brittonem
608 4482 708 4547 filium
738 4479 938 4561 Hissitionis‚
967 4479 1100 4544 fratrem
1128 4478 1244 4543 Franci
1270 4478 1409 4542 Romani
1436 4477 1619 4542 Alamanni.
1642 4487 1644 4492 '
1666 4478 1824 4562 originem
1847 4478 1982 4542 alteram
2011 4475 2052 4540 de

396 4587 497 4653 Bruto
522 4587 653 4652 consule
676 4585 826 4650 Romano
856 4583 1029 4649 deductam
1058 4603 1196 4669 eumque
1220 4583 1438 4668 applicantem
1472 4581 1513 4645 ad
1547 4587 1684 4645 stemma
1716 4581 1852 4646 Aeneae
1883 4583 1947 4646 iam
1976 4580 2053 4645 satis

397 4698 541 4774 constat,
579 4689 613 4755 id
645 4689 733 4776 quod
763 4689 868 4775 proba
900 4689 1084 4752 coniectura
1117 4693 1213 4752 antea
1246 4685 1418 4751 adsecutus
1453 4691 1502 4749 est
1529 4683 1690 4770 Georgius
1718 4683 1854 4769 Haeger
1876 4673 1982 4771 (liber
2004 4683 2054 4746 dic

399 4796 625 4878 Trojanersape
648 4794 703 4858 cler
716 4793 858 4858 Brittan.
909 4790 1188 4876 Monachi1886),
1212 4813 1232 4855 a
1253 4791 1415 4877 primitiva
1437 4789 1569 4853 huiusce
1592 4788 1694 4853 libelli
1722 4790 1910 4853 recensione
1934 4787 2052 4852 aluisse

398 4905 431 4964 et
452 4904 569 4985 postea
592 4897 723 4962 demum
746 4917 765 4960 a
787 4897 1002 4981 recognitore,
1026 4895 1086 4960 sed
1109 4895 1330 4981 antiquissimo
1355 4898 1388 4958 et
1410 4893 1490 4978 ipso,
1515 4891 1677 4957 adiectam
1700 4912 1781 4958 esse.

502 5001 716 5076 Quaestiones
740 5001 994 5087 chronologicas,
1018 5021 1098 5087 quas
1121 5000 1272 5065 volumen
1294 4997 1481 5062 Britanniae
1504 4997 1637 5061 suscitat
1659 4997 1776 5061 multas
1800 5003 1834 5060 ct
1856 4996 1970 5078 varias,
1993 5015 2052 5058 nos

397 5108 436 5171 iis
459 5107 687 5193 relinquemus,
711 5106 753 5170 ad
776 5127 856 5193 quos
872 5106 940 5170 iure
956 5106 1129 5192 pertinent.
1175 5109 1211 5167 ut
1225 5103 1412 5166 Britannica
1433 5102 1515 5165 haee
1537 5107 1667 5165 nostrae
1684 5101 1840 5186 syllogae,
1863 5101 1944 5164 sicut
1959 5119 2056 5184 supra
2094 5099 2098 5108 “

399 5209 481 5290 dixi,
511 5211 665 5274 terminos
696 5209 898 5296 egredientia
927 5215 1020 5274 extra
1047 5207 1193 5273 ordinem
1220 5212 1355 5291 recepta
1386 5211 1475 5286 sunt,
1509 5207 1554 5269 ita
1584 5212 1766 5291 temporum
1797 5203 1974 5288 disquisitio
2001 5204 2055 5267 rel

399 5313 540 5379 maxime
564 5335 584 5377 a
606 5313 706 5378 medii
728 5315 801 5379 aevi
825 5314 934 5400 peritis
958 5311 1126 5377 tractanda
1150 5319 1208 5392 cst,
1232 5310 1354 5374 scilicet
1371 5315 1529 5395 quatenus
1545 5315 1670 5394 spectat
1692 5308 1734 5372 ad
1757 5308 1899 5393 singulos
1924 5307 1977 5391 qui
1993 5307 2054 5370 hoo

399 5417 559 5482 volumine
600 5419 801 5482 continentur
841 5418 968 5482 libellos
1002 5417 1073 5498 vel,
1114 5421 1150 5479 ut
1186 5415 1292 5478 verius
1332 5413 1453 5496 dicam,
1495 5413 1536 5477 ad
1573 5434 1686 5478 eornm
1722 5409 1904 5476 libellorum
1945 5416 2055 5496 partes

400 5521 558 5596 diversas;
583 5541 695 5586 omnes
718 5522 804 5586 enim
827 5527 861 5586 et
882 5521 1024 5585 maxime
1047 5520 1152 5606 ipsam
1174 5517 1356 5582 Brittonem
1378 5516 1545 5582 historiam
1567 5522 1659 5603 patet
1681 5537 1741 5602 per
1763 5514 1882 5601 gradus
1905 5515 2055 5578 crevisse.

400 5633 544 5691 attamen
568 5625 608 5690 de
633 5625 801 5690 voluminis
824 5625 942 5711 integri
964 5629 1074 5690 aetate
1097 5622 1190 5687 nobis
1214 5642 1343 5708 qnoque
1367 5622 1526 5709 quaedam
1552 5620 1746 5707 exponenda
1767 5625 1849 5684 sunt.
1947 5657 1952 5672 ·
