4554 6316
391 439 454 502 358
869 430 1076 486 LATEROVLI
1094 429 1292 486 consvtvu
1311 432 1419 487 VRBIS
1440 429 1578 485 ROMAE.

390 609 522 695 capituli
543 607 697 672 Albensia
719 627 750 674 n.
768 608 809 670 29
833 625 919 670 saec.
934 603 1030 687 VIII,
1054 603 1094 670 de
1119 625 1182 690 quo
1206 610 1303 669 antea
1326 602 1404 689 (vol.
1426 607 1445 667 2
1467 625 1499 690 p.
1517 604 1594 687 396)
1618 603 1696 685 dixi,
1719 604 1741 668 f.
1757 607 1799 669 69
1823 605 1882 670 sub
1904 605 1999 670 titulo
2018 605 2056 668 r'n

393 711 515 780 Olristi
537 711 662 776 uomiue
684 709 799 790 incepit
822 707 995 773 laterculus
1017 707 1191 774 eorrsolaris
1211 729 1302 790 quem
1323 707 1399 788 fecit
1420 708 1471 772 cir
1492 707 1657 789 relipiosus
1672 707 1876 773 Iberouimus
1891 707 2056 790 presbiter

390 837 430 882 ee
455 817 587 881 retorioc
612 813 798 897 promatico,
827 811 884 894 qui
912 811 1035 875 creriose
1058 811 1218 876 adamas
1243 809 1414 876 multorum
1437 809 1619 888 laterculos,
1651 811 1687 875 id
1715 815 1761 876 est
1783 811 1907 877 Ebreos
1932 810 2054 876 Grecos

389 926 484 1002 atque
505 919 651 996 Latinos,
674 917 710 982 iu
731 937 833 980 uuum
855 915 1009 998 eouspipit
1034 913 1116 1003 [sic],
1140 934 1223 1000 quae
1246 914 1347 979 habet
1370 913 1425 999 (ea
1447 913 1609 1001 descripta
1629 915 1716 980 misit
1737 914 1898 979 Henricus
1914 914 2052 1000 Omont)

389 1030 479 1088 tanto
508 1022 599 1087 hiatu
627 1019 714 1108 quod
744 1019 877 1105 dignum
908 1019 949 1083 sit
975 1039 1041 1083 non
1069 1019 1179 1096 affert,
1208 1023 1244 1081 ut
1267 1024 1355 1082 reete
1385 1017 1430 1081 ait
1452 1016 1586 1082 Roscius
1609 1016 1717 1103 (inser.
1741 1019 1807 1085 chr.
1830 1020 1900 1085 urb.
1923 1018 2054 1084 RomI

388 1148 420 1213 p.
435 1124 578 1210 LVIII);
606 1123 728 1189 scilicet
750 1129 923 1209 postquam
950 1120 991 1186 de
1019 1121 1181 1187 aetatibus
1209 1120 1320 1185 mundi
1342 1127 1456 1186 auctor
1477 1122 1624 1208 vulgaria
1653 1124 1805 1207 exposuit
1827 1129 1957 1188 secutus
1980 1123 2052 1188 lere

390 1231 556 1316 epilogum
582 1227 873 1313 Hieronymianum
903 1230 936 1290 et
966 1226 1058 1307 anni,
1084 1225 1118 1288 in
1149 1245 1212 1310 quo
1241 1223 1460 1310 Hieronymus
1491 1224 1577 1307 finit,
1609 1225 1757 1290 Valentis
1784 1225 1866 1290 XIV
1894 1228 2053 1308 meminit,

388 1334 435 1398 ita
457 1332 580 1418 pergit:
604 1351 643 1397 ee
664 1330 721 1395 boc
742 1329 778 1392 iu
800 1327 911 1393 ordine
933 1326 1058 1392 coraule
1083 1325 1153 1414 [sic]
1176 1327 1368 1392 numerabis.
1414 1333 1481 1392 tum
1506 1327 1591 1409 (cod.
1606 1330 1654 1410 tu)
1672 1329 1710 1393 de
1731 1328 1921 1408 temporebus
1934 1331 2053 1394 uatici-

389 1437 468 1501 tatis
495 1434 543 1501 ccl
564 1435 729 1516 passionis
757 1431 879 1497 doctiori
904 1432 1007 1498 uestri
1037 1430 1114 1496 Iesu
1146 1429 1267 1496 Oleasti
1298 1430 1338 1502 ¹de
1367 1435 1503 1512 utraque
1532 1437 1566 1496 et
1590 1431 1632 1496 de
1661 1452 1701 1497 eo
1731 1438 1922 1518 argumento
1945 1453 2053 1519 pauca

390 1539 498 1619 affert,
528 1537 587 1604 sed
614 1536 789 1622 insoliu1).
841 1535 911 1600 finit
938 1541 1094 1600 tractatus
1124 1535 1158 1598 in
1186 1535 1302 1598 notitia
1332 1532 1373 1598 de
1397 1533 1598 1621 Hieronymo
1626 1537 1697 1622 ipso
1721 1543 1849 1621 sumpta
1874 1557 1916 1601 ex
1937 1537 2051 1602 libello

390 1643 459 1708 eius
491 1642 532 1707 de
554 1642 629 1706 viris
656 1641 833 1706 illustribus
863 1645 1025 1705 extremo:
1055 1639 1261 1704 Iberouimus
1282 1637 1440 1718 presbiter
1468 1643 1569 1703 uectus
1588 1644 1686 1720 patre
1708 1639 1847 1704 Eusebio
1976 1661 2051 1706 cou-

389 1748 506 1827 fiuium
529 1746 605 1827 fuit.
636 1781 676 1792 -
706 1744 901 1810 ‘Chronicon
927 1743 1227 1830 Anglosaxonicum
1254 1763 1273 1806 a
1297 1739 1424 1806 Christo
1454 1741 1497 1806 ad
1523 1763 1552 1806 a.
1574 1747 1654 1809 1002
1684 1763 1757 1808 cum
1785 1743 1875 1808 fastis
1903 1745 2052 1810 consula·

390 1848 509 1933 ‘ribus‘‚
544 1849 631 1935 quod
658 1847 836 1914 secundum
858 1847 1043 1931 catalogum
1071 1845 1193 1912 editum
1224 1845 1405 1910 continetur
1432 1844 1544 1910 codiee
1577 1867 1607 1910 n.
1633 1849 1690 1912 161
1722 1848 1851 1933 collegii
1883 1847 2050 1912 Trinitatis

389 1953 619 2035 Dubliniensis,
642 1973 719 2018 rere
743 1951 918 2016 chronicon
940 1957 990 2015 eat
1004 1950 1304 2035 Anglosaxonicum
1329 1947 1528 2035 descriptum
1552 1970 1595 2014 ex
1618 1949 1731 2016 codice
1754 1952 1858 2016 musei
1874 1951 2053 2018 Britannici

295 2083 296 2086 ¹
391 2057 585 2122 Octauiano
614 2055 691 2122 Oth.
708 2055 736 2120 B
751 2055 802 2120 XI
825 2053 881 2139 (cl.
897 2052 1012 2140 Hardy
1034 2054 1068 2118 in
1089 2053 1191 2139 prael.
1214 2052 1256 2116 ad
1279 2074 1365 2118 mon.
1389 2052 1536 2119 Britann.
1558 2055 1621 2119 vol.
1643 2059 1656 2118 1
1681 2075 1713 2140 p.
1735 2057 1791 2139 77)
1814 2077 1920 2142 neque
1942 2057 2052 2120 insunt

390 2161 423 2224 in
446 2179 486 2226 eo
510 2160 690 2240 volumine,
719 2158 754 2223 id
778 2156 865 2244 quod
888 2157 1089 2222 confirmarit
1111 2157 1190 2221 mihi
1213 2159 1381 2242 quaerenti
1403 2157 1444 2222 R.
1468 2157 1640 2242 Atlrinson‚
1665 2159 1739 2224 lasti
1763 2161 1956 2226 consulares.

493 2264 569 2330 Non
584 2264 685 2328 multa
699 2263 799 2348 igitur
814 2261 1088 2346 restabantque
1104 2261 1177 2326 huic
1193 2262 1290 2347 capiti
1306 2263 1533 2342 insererentur,
1547 2263 1669 2328 scilicet
1685 2284 1729 2329 ex
1739 2264 1863 2329 Latinis
1879 2265 1953 2330 lasti
1970 2284 2049 2330 con-

388 2370 511 2433 sulares
526 2368 736 2433 Veronenses
760 2386 789 2431 a.
806 2368 977 2431 lte-494
995 2373 1029 2430 et
1044 2365 1227 2451 Augustani
1250 2388 1279 2431 a.
1295 2369 1476 2434 ets—498.
1525 2366 1652 2433 Graeca
1675 2387 1870 2454 quamquam
1893 2389 1912 2432 a
1934 2388 2051 2433 monu-

388 2472 505 2536 mentis
530 2470 726 2554 Germaniae
750 2470 864 2556 procul
885 2469 1049 2534 habentur
1070 2490 1135 2534 non
1158 2471 1226 2535 sine
1255 2471 1340 2535 iusta
1362 2491 1462 2535 causa
1485 2469 1575 2556 (nam
1598 2471 1724 2557 sylloge
1747 2477 1858 2536 nostra
1887 2492 1960 2536 eum
1984 2472 2052 2536 iam

388 2575 532 2660 graviter
565 2574 695 2639 laboret
727 2572 951 2659 magnitudine
987 2593 1046 2638 sua
1078 2579 1111 2638 et
1145 2574 1316 2655 infinitate,
1352 2581 1421 2639 tota
1461 2573 1726 2660 pessumdaretur
1765 2573 1912 2639 admissis
1949 2575 2052 2660 copiis

388 2677 621 2764 Byzantiorum
644 2697 789 2742 seorsum
806 2678 935 2742 omnino
952 2677 1153 2762 tractandis),
1176 2678 1383 2743 nihilominus
1405 2678 1439 2742 in
1462 2679 1525 2743 hoc
1547 2686 1644 2764 caput
1667 2679 1792 2763 recepti
1807 2685 1882 2743 sunt
1903 2679 2052 2742 laterculi

389 2781 453 2846 duo
477 2781 665 2846 consulares
688 2779 817 2845 Graece
840 2782 951 2867 scripti
973 2780 1182 2847 Theonianus
1205 2780 1317 2867 (vulgo
1340 2781 1415 2846 lasti
1439 2781 1618 2846 Florentini
1642 2780 1799 2868 minores)
1824 2788 1857 2847 et
1878 2781 2051 2848 Heraclia·
2177 2867 2179 2872 ,

387 2906 447 2950 nus
471 2885 587 2970 (vulgo
610 2884 687 2948 lasti
703 2884 883 2949 Florentini
905 2884 1070 2969 maiores).
1111 2885 1220 2950 evenit
1242 2893 1352 2950 autem
1375 2905 1441 2950 non
1464 2891 1530 2950 tam
1553 2884 1639 2949 bona
1662 2884 1793 2950 fortuna
1816 2905 1912 2972 quam
1935 2886 2052 2971 optimi

390 2989 486 3054 amici
512 2988 660 3053 acumine
690 2993 724 3052 et
756 2988 914 3070 sollertia,
947 2995 984 3052 ut
1018 3009 1075 3053 eos
1110 2995 1143 3053 et
1170 2988 1354 3054 utilissimos
1385 2996 1418 3053 et
1446 2989 1532 3054 male
1562 2988 1667 3053 adhuc
1698 2989 1867 3075 neglectos
1888 3008 1952 3052 una
1975 3009 2051 3052 cum

390 3092 553 3156 laterculis
575 3091 793 3176 imperatoriis
816 3092 974 3157 adiunctis
1002 3091 1161 3178 publicari
1189 3092 1268 3157 mihi
1291 3091 1431 3158 daretrrr.
1477 3093 1599 3157 scilicet
1626 3092 1710 3157 hanc
1737 3093 1843 3178 operis
1866 3098 1993 3178 partem
2018 3092 2051 3156 in

389 3215 424 3261 se
454 3196 580 3281 recepit
601 3194 809 3260 Hermannus
832 3195 959 3262 Usener
986 3194 1167 3260 Bonnensis
1191 3201 1224 3258 ct
1252 3193 1364 3259 studiis
1387 3193 1544 3260 diuturnis
1575 3203 1608 3260 et
1629 3197 1777 3282 ingenita
1801 3197 1978 3280 sagacitate
2006 3195 2050 3260 ad

390 3298 518 3364 tabulas
540 3300 600 3364 has
622 3297 829 3364 illustrandas
853 3299 975 3385 optimc
998 3305 1139 3383 paratus.

393 3441 583 3448 ---......——.—-

497 3523 517 3590 ¹)
540 3528 626 3578 Iasum
648 3531 738 3576 auctor
759 3525 797 3577 ait
819 3533 911 3577 natum
932 3539 988 3576 esse
1009 3520 1062 3576 ab
1079 3541 1104 3591 p.
1116 3525 1185 3589 Chr,
1207 3526 1302 3577 obiisse
1319 3542 1343 3577 a.
1357 3522 1391 3576 41
1409 3526 1458 3578 aie:
1484 3525 1561 3578 VIII
1579 3527 1705 3578 taluam
1724 3525 1869 3578 Ianuariae
1887 3528 2002 3580 uescina
2020 3529 2050 3580 ira

389 3611 506 3666 Bctblem
524 3611 622 3664 Iudeae
640 3612 686 3663 urb
703 3611 810 3665 Herode
827 3629 885 3680 repe
905 3611 1013 3662 Ocrullo
1031 3620 1054 3664 et
1075 3611 1242 3674 Quintiniaoo
1266 3613 1412 3664 consulibus
1432 3651 1479 3666 ...
1500 3613 1558 3664 XV
1571 3614 1698 3666 kalendar
1722 3613 1827 3680 Apriles
1850 3614 2051 3679 mrpreerulitur

389 3715 459 3750 auno
483 3695 604 3748 XXXII
618 3699 724 3764 preside
746 3700 845 3767 Poutpo
868 3698 993 3766 Pbplato,
1016 3699 1158 3764 imperante
1180 3707 1263 3750 aulem
1291 3698 1415 3766 prberio
1436 3698 1561 3762 Charace,
1586 3699 1671 3751 (luiba
1688 3717 1747 3752 uero
1768 3698 1879 3752 Oberare
1896 3707 2009 3764 patemo
2028 3707 2053 3750 et

390 3783 466 3837 bitrio
485 3783 631 3836 Sommino
651 3787 805 3838 consulibus.
