4598 6300
1015 373 1189 430 HISTORIA
1207 373 1428 429 nnlnnoavn

703 549 808 634 spicas
831 548 926 612 turba
949 549 1113 614 hominum
1138 550 1201 613 iam
1224 548 1304 612 vidit
1326 549 1357 612 in
1381 547 1498 612 arbore
1522 555 1624 615 nates.

626 679 651 718 rs
704 652 841 738 panibus
864 653 972 716 incisis
994 655 1123 738 sanguis
1147 673 1275 738 quoque
1298 653 1390 716 fluxit
1413 652 1542 716 abunde

706 777 815 820 eoram
839 757 992 837 convivis,
1018 778 1097 842 quos
1121 758 1248 842 signum
1271 757 1385 820 terruit
1406 755 1495 821 illud.

703 861 763 924 bos
785 861 914 947 peperit
937 859 1058 924 dudum
1081 861 1189 924 multis
1213 860 1417 926 cernentibus
1440 880 1570 943 agnum.

703 969 844 1027 armatas
867 965 974 1027 multis
998 965 1086 1028 acies
1109 965 1299 1050 equitesque
1323 963 1437 1028 diebus

707 1087 783 1131 aere
807 1074 989 1152 pugnantes
1012 1059 1185 1132 crudeliter
1207 1088 1297 1131 arma
1318 1087 1448 1132 movere

630 1194 656 1234 ro
708 1177 783 1235 ante
808 1171 938 1256 quidem
962 1171 1047 1235 cives
1070 1170 1220 1235 viderunt
1242 1177 1389 1256 tempora
1412 1170 1500 1236 belli.

705 1280 798 1338 natus
821 1295 905 1360 equa
929 1275 1035 1340 dierat
1058 1282 1143 1340 totus
1166 1275 1263 1338 homo
1287 1281 1434 1360 tempore
1457 1281 1568 1339 nostro

707 1385 804 1465 atque
828 1379 969 1460 homine,
992 1379 1150 1444 hinnitum
1174 1380 1296 1444 faciens
1319 1400 1448 1465 quoque
1471 1382 1568 1444 moris
1592 1382 1709 1466 equini,

705 1489 773 1547 tam
796 1483 971 1549 comedens
994 1484 1124 1548 faenum
1150 1503 1245 1570 quam
1269 1503 1386 1569 panem
1410 1490 1443 1546 st
1466 1491 1597 1548 caetero
1621 1485 1751 1552 edebat.

706 1593 800 1651 natus
824 1595 894 1651 erat
918 1587 1038 1673 duplex
1061 1587 1158 1651 homo
1182 1588 1293 1652 vivens
1317 1591 1463 1671 tempore
1486 1587 1585 1672 longo

709 1691 947 1774 quadrimanus,
970 1691 1064 1776 bipes
1087 1696 1184 1776 atque
1207 1690 1320 1776 biceps
1344 1695 1376 1753 et
1399 1695 1532 1774 pectore
1556 1691 1631 1755 bino

707 1801 805 1879 atque
830 1793 910 1858 duas
934 1795 1058 1859 animas
1080 1816 1178 1859 unum
1202 1800 1412 1878 ventremque
1436 1794 1583 1879 gerebat.

709 1897 909 1982 quorundam
933 1918 1008 1983 pars
1030 1899 1191 1984 posterior
1213 1919 1298 1962 nova
1319 1898 1421 1964 verba
1444 1898 1578 1962 sonabat

709 2007 783 2064 tunc
808 2001 998 2065 mirabiliter
1021 2008 1153 2064 cantans
1175 2000 1396 2066 modulamina
1418 2000 1588 2088 quaedam.

707 2125 771 2168 vox
795 2105 863 2168 avis
886 2102 996 2168 audita
1020 2111 1070 2169 est
1094 2103 1229 2169 dicentis
1252 2105 1330 2169 tnlia
1353 2104 1468 2169 verba:

630 2231 656 2270 ro
708 2227 803 2270 mane
827 2228 911 2272 novo
936 2229 1070 2293 surgens
1094 2206 1256 2272 dominum
1282 2207 1421 2272 laudabo
1445 2213 1624 2294 potentem.

709 2310 758 2374 his
781 2312 826 2375 ita
849 2310 1005 2396 prodigiis
1028 2312 1191 2398 signisque
1214 2332 1273 2398 per
1296 2313 1403 2376 omnia
1426 2311 1519 2376 dictis

709 2434 793 2478 nunc
817 2435 945 2500 quoque
970 2414 1148 2479 describam
1174 2417 1299 2501 patriae
1323 2416 1478 2480 miracula
1500 2421 1628 2480 nostrae

706 2518 833 2581 nomine
858 2538 941 2603 quae
965 2520 1096 2603 proprio
1119 2519 1279 2583 vocitatur
1303 2519 1463 2584 Hibernia
1485 2521 1615 2584 eunetis.

604 2668 656 2733 De
680 2671 776 2735 rebus
799 2671 958 2737 Hibernia
982 2671 1187 2738 admirandis.

707 2775 843 2840 Finibus
863 2777 897 2840 in
920 2777 1036 2841 nostris
1060 2777 1185 2841 famosa
1209 2782 1259 2841 est
1279 2777 1384 2841 insula
1406 2798 1516 2862 parva,

631 2901 656 2941 ss
711 2899 793 2962 quae
818 2881 894 2944 satis
918 2882 1085 2945 exanimes
1108 2887 1275 2967 corruptos
1298 2881 1435 2967 impedit
1458 2902 1530 2945 esse

707 2984 761 3046 vel
784 2983 929 3068 putridos
952 2984 1029 3048 tabo
1053 3005 1182 3050 carnem
1205 2986 1250 3048 sic
1274 2984 1373 3048 efficit
1395 3005 1534 3049 omnem.

707 3087 772 3150 illic
796 3088 898 3152 cernit
920 3109 1015 3154 asum
1038 3089 1207 3175 quisquam
1229 3089 1368 3153 retinere
1391 3089 1539 3173 figuram,

707 3191 796 3255 cuius
818 3193 863 3257 ibi
886 3199 1035 3258 crescunt
1056 3213 1181 3278 ungues
1205 3193 1298 3257 simul
1321 3199 1419 3279 atque
1444 3192 1562 3279 capilli.

708 3300 859 3383 terraque
882 3303 990 3362 nostra
1012 3303 1103 3362 tenet
1125 3303 1275 3382 stagnum
1298 3296 1384 3383 quod
1407 3297 1549 3360 eontinet
1575 3297 1669 3361 istam

630 3421 657 3460 ιο
708 3400 784 3484 vim,
808 3422 872 3487 qua
894 3401 982 3486 ligna
1005 3402 1111 3466 solent
1133 3400 1259 3486 lapides
1280 3421 1359 3465 mox
1382 3420 1453 3464 esse
1477 3401 1536 3464 sub
1558 3400 1653 3465 undis

710 3511 785 3589 post
809 3513 920 3570 tamen
944 3527 1100 3570 annorum
1126 3526 1186 3570 ceu
1209 3505 1319 3570 dicunt
1342 3512 1489 3590 tempora
1512 3511 1647 3591 septem.

620 3727 626 3736 ,
707 3657 767 3723 Est
789 3659 877 3724 aliud
899 3668 1060 3745 stagnum,
1085 3661 1136 3724 cui
1158 3659 1229 3724 fons
1253 3679 1381 3744 quoqne
1404 3661 1502 3724 mirus
1524 3658 1670 3740 adheret,

710 3763 850 3848 quinque
873 3763 994 3849 pedum
1019 3765 1124 3848 spatio
1148 3769 1273 3828 tanturn
1297 3764 1351 3849 qui
1374 3762 1472 3827 distat
1495 3763 1536 3827 ab
1559 3764 1624 3828 illo.

709 3867 776 3931 sive
800 3868 898 3952 igitur
921 3874 1045 3932 creseat
1069 3866 1109 3931 de
1133 3866 1232 3951 largis
1254 3867 1420 3952 ymbribus
1443 3866 1521 3932 illud

631 3994 657 4033 c
711 3991 769 4034 sen
790 3971 889 4036 nimio
913 3972 1040 4036 fervore
1063 3971 1167 4055 magis
1192 3971 1368 4052 decrescat,
1392 3972 1528 4036 habebit

712 4073 852 4161 quinque
875 4073 996 4161 pedum
1019 4075 1159 4160 spatium
1181 4095 1311 4160 semper
1333 4074 1485 4140 distantia
1507 4080 1640 4139 tantum.

711 4225 861 4294 demitur
884 4251 903 4294 a
926 4229 1034 4294 multis
1056 4230 1137 4294 alius
1160 4230 1232 4294 fons
1255 4251 1344 4295 more
1368 4232 1523 4317 probatus

710 4332 763 4416 qui
787 4332 864 4397 facit
886 4340 921 4398 ut
944 4333 1054 4398 dicunt
1077 4355 1174 4398 canos
1197 4355 1275 4399 mox
1298 4355 1369 4399 esse
1393 4335 1535 4421 capillos.

712 4485 800 4551 Fons
822 4488 905 4553 alius
929 4489 955 4553 si
978 4494 1083 4554 tactus
1106 4488 1167 4552 erit
1189 4495 1245 4553 eut
1266 4489 1352 4553 visus
1374 4489 1416 4553 ab
1438 4489 1516 4570 ullo,

633 4614 661 4655 so
714 4591 813 4656 efficit
834 4593 983 4678 ingentes
1006 4593 1141 4679 pluvias,
1166 4613 1244 4678 quas
1269 4592 1404 4657 fundere
1428 4593 1553 4657 caelum

710 4717 776 4760 non
798 4704 913 4777 cessat,
937 4699 1051 4763 sinon
1074 4697 1195 4763 oblatio
1219 4718 1311 4762 sacra
1333 4697 1480 4783 repellat.

708 4853 797 4917 Fons
820 4859 879 4932 est,
903 4855 930 4919 si
953 4874 1076 4935 verum,
1100 4853 1260 4918 cernentis
1283 4859 1431 4939 tempora
1454 4853 1598 4939 signans:

709 4996 784 5040 nam
807 4975 881 5039 salit
904 4982 1053 5041 eructans
1076 4997 1149 5041 cum
1172 4941 1302 5061 signanst
1325 4981 1473 5061 tempora
1496 4975 1603 5059 longa,

711 5086 745 5144 at
767 5080 841 5145 silet
862 5086 1021 5145 attestans
1044 5086 1230 5145 cernentem
1253 5099 1331 5143 mox
1353 5079 1551 5143 moriturum.

633 5261 659 5300 ss
710 5234 798 5300 Fons
822 5242 872 5301 est
895 5234 997 5300 dulcis
1020 5256 1124 5321 aquae
1147 5239 1296 5299 constans
1319 5235 1352 5297 in
1374 5234 1495 5298 vertice
1519 5231 1636 5296 montis

709 5361 799 5405 more
822 5342 920 5405 maris
942 5341 1085 5406 retinens
1107 5359 1274 5404 accessum
1298 5339 1365 5402 sive
1388 5355 1562 5402 recessum.

708 5513 830 5579 Dicunt
853 5536 924 5580 esse
949 5514 1029 5579 duos
1052 5513 1158 5578 tontes
1182 5511 1340 5576 contraria
1363 5517 1514 5595 agentes:

710 5637 792 5702 alter
814 5656 954 5721 namque
976 5655 1038 5701 nee
1061 5601 1110 5720 ‚elit
1132 5641 1273 5720 potatus,
1295 5637 1464 5717 perpetrat
1486 5630 1579 5711 alter,
